1762 2966
600 816 642 866 P
656 815 812 868 ΒΑΕ
826 815 973 868 FAT
985 817 1011 869 I
1024 816 1089 869 Ο.

248 978 406 1017 Luciani
445 979 696 1030 opusculum,
735 981 837 1032 quod
876 980 1102 1019 inscribitur
1133 981 1186 1019 de
1221 988 1368 1020 morte
1401 981 1546 1019 Pere-

133 1047 282 1101 grini,
315 1047 455 1099 partim
489 1047 525 1086 in
559 1048 666 1087 libris
698 1049 858 1088 omnino
891 1061 967 1087 non
1001 1048 1207 1095 exstitisse,
1250 1049 1390 1101 partini
1423 1062 1468 1088 ex
1500 1050 1546 1088 iis

135 1116 327 1167 posterius
358 1123 581 1168 exemptum
615 1130 697 1156 esse
729 1117 994 1168 querebantur
1015 1117 1160 1156 critici:
1193 1118 1288 1168 quin
1312 1117 1546 1157 Fritzscbius

132 1185 214 1236 ipse
235 1185 273 1223 in
297 1197 341 1224 eo
365 1185 602 1224 recensendo
626 1186 742 1224 unius
761 1186 903 1225 codicis
921 1186 1322 1238 (Guelferbytani
1346 1186 1487 1238 prioris
1505 1187 1545 1230 F,

133 1266 231 1293 saec.
269 1254 369 1300 xlv)
421 1255 649 1294 auctoritate
700 1267 866 1306 semper,
919 1254 1076 1293 alterius
1119 1254 1292 1304 (Paris.
1337 1254 1446 1293 2954
1497 1255 1545 1301 M,

132 1335 228 1362 saec.
270 1323 357 1362 Xlll
412 1335 431 1362 a
484 1323 618 1362 Lossio
671 1323 822 1373 tributi)
873 1323 1070 1361 interdum
1123 1329 1272 1362 tanturn
1328 1335 1422 1361 usus
1474 1330 1544 1362 est.

133 1391 264 1430 Marc.
289 1392 369 1431 434
392 1391 458 1442 (Ω)
490 1392 645 1443 quidem
674 1391 1276 1437 eontulitSommerbrodtius1)‚
1310 1391 1376 1430 sed
1408 1392 1546 1430 collato

79 1507 81 1509 ι
131 1460 329 1499 neminem
375 1461 502 1500 adhuc
546 1473 660 1499 usum
709 1473 792 1499 esse
838 1460 1115 1512 comperimus.
1191 1460 1286 1499 Cum
1338 1460 1457 1511 igitur
1505 1461 1543 1499 in

130 1529 304 1580 quinque
350 1528 468 1568 Vatic.
516 1529 770 1569 bibliothecae
822 1529 1020 1569 codicibus
1072 1529 1245 1568 libellum
1298 1530 1542 1582 reperissem,

131 1609 268 1649 operae
300 1597 469 1649 pretium
504 1598 627 1637 visum
661 1606 720 1637 est
750 1598 796 1637 iis
820 1611 924 1637 nunc
944 1598 1116 1650 primum
1141 1599 1288 1638 collatis
1311 1599 1543 1650 opusculum

131 1679 343 1706 recensere.
394 1667 595 1706 Praeterea
619 1666 755 1706 Marc.
779 1667 859 1706 434
892 1674 979 1719 post
1002 1667 1383 1706 Sommerbrodtium
1417 1668 1543 1706 denuo

129 1735 279 1787 inspexi
310 1742 349 1775 et
379 1735 594 1788 inspexisse
626 1748 705 1775 non
738 1736 943 1787 poenituit,
984 1736 1114 1775 Marc.
1149 1735 1242 1781 435,
1281 1736 1318 1774 in
1352 1749 1428 1787 quo
1460 1736 1544 1787 ipso

129 1804 300 1843 libellum
353 1804 481 1844 inesse
532 1805 629 1852 vidi,
681 1805 868 1855 Georgius
915 1804 1155 1844 Castellanus
1208 1804 1367 1850 sodalis,
1420 1804 1544 1843 Caroli

131 1872 336 1912 Castellani
378 1874 580 1913 clarissimi
621 1886 651 1912 r.
685 1873 897 1913 Marcianae
940 1873 1195 1912 bibliothecae
1227 1872 1409 1925 praefecti
1441 1874 1542 1912 filius

131 1941 226 1980 mibi
270 1942 452 1988 contulit,
499 1943 560 1982 cui
606 1943 652 1981 de
698 1942 768 1981 hac
814 1955 853 1981 re
891 1942 1031 1992 gratias
1075 1955 1144 1992 ago
1182 1954 1299 1993 quam
1338 1941 1539 1987 maximas,

131 2011 491 2063 Guelt'erbytani
517 2012 704 2050 lectiones
725 2023 769 2049 ex
790 2010 983 2065 Iacobitzii
1007 2010 1285 2063 Fritzschiique
1307 2010 1542 2050 editionibus

129 2080 302 2131 cognovi,
336 2080 386 2119 ita
419 2087 460 2119 ut
491 2087 577 2119 octo
608 2072 797 2119 librorum
832 2080 1060 2119 auctoritate
1092 2079 1163 2118 niti
1194 2079 1357 2120 licuerit.

826 2207 852 2245 Ι.

241 2292 340 2327 Ante
371 2288 500 2327 omnia
533 2288 578 2327 de
609 2288 716 2328 libris
745 2302 843 2340 quos
867 2289 1109 2341 inspeximus
1132 2289 1298 2328 breviter
1321 2289 1541 2328 dicendum.

132 2357 268 2396 Vatic.
303 2357 354 2396 90
387 2357 504 2396 codex
537 2364 596 2396 est
626 2357 983 2409 praestantissimus
1014 2357 1052 2395 in
1085 2357 1188 2403 folio,
1222 2357 1542 2397 membranaceus

131 2426 160 2464 X
194 2426 248 2465 vel
273 2426 335 2471 XI,
375 2433 418 2465 ut
449 2426 619 2473 videtur,
646 2425 844 2477 saeculi2)‚
876 2425 977 2464 foliis
1013 2427 1120 2463 1—4
1151 2432 1189 2464 ct
1224 2426 1442 2464 174—177
1474 2439 1541 2464 ex-

221 2565 249 2605 1)
273 2565 357 2598 Mus.
384 2564 487 2597 Rhen.
515 2565 584 2598 vol.
610 2564 705 2606 XXI,
732 2575 802 2607 pag.
823 2565 898 2606 628,
925 2576 954 2596 a.
977 2565 1071 2597 1866.

221 2619 249 2660 ²)
276 2619 318 2651 M.
346 2618 534 2661 Rothsffln,
563 2618 788 2661 Quaestiones
815 2619 1014 2660 Lucianeae,
1041 2619 1190 2651 Berolini
1219 2618 1305 2651 1888
1330 2621 1417 2662 (pag.
1439 2620 1482 2658 8),
1509 2619 1541 2650 in

129 2685 192 2717 quo
219 2674 338 2707 libello
365 2675 464 2706 habes
490 2674 530 2706 de
555 2674 726 2706 codicibus
753 2674 930 2707 Lucianeis
956 2678 1146 2706 accuratam
1173 2673 1443 2716 disputationem.
