1762 2966
707 155 1088 193 μ-(ςῇη

193 270 325 322 ceptis,
373 284 470 321 quae
508 271 706 310 chartacea
747 277 783 309 et
822 270 1049 322 posterioris
1087 272 1301 324 scripturae
1339 279 1441 313 sunt.
1510 275 1601 314 Pars

193 338 362 378 libellum
387 339 437 378 de
462 344 610 378 morte
633 338 876 390 Peregrini
900 340 1160 391 complectens
1182 341 1264 391 (fol.
1285 341 1363 380 237
1383 342 1536 381 v.-242
1554 343 1602 394 r.)

193 406 347 446 exhibet
383 407 495 447 initio
532 407 825 446 emendationes
865 408 1073 447 nonnullas
1114 409 1300 460 optimas,
1345 422 1441 461 quas
1486 411 1604 450 altera

196 487 333 514 manus
375 475 570 515 subrubro
606 476 734 515 colore
771 476 943 528 scripsit,
991 477 1063 515 sub
1101 477 1217 516 finem
1258 484 1387 517 autem
1421 479 1516 518 duas
1547 479 1606 518 vel

197 550 272 582 tres
310 544 400 583 alias
439 544 750 590 emendationes,
792 544 919 583 colore
961 551 1043 584 atro
1081 545 1264 597 scriptas,
1308 546 1442 585 tertiae
1474 547 1606 586 manui

198 611 422 651 tribuendas
438 612 481 662 1).
529 611 625 651 Cum
658 612 761 651 iota
796 619 946 652 tantum
979 625 1055 652 non
1090 626 1243 665 semper
1274 614 1511 667 adscriptum
1545 616 1606 662 sit,
1659 656 1664 660 ,

195 680 224 719 si
256 681 410 731 quando
442 680 631 720 omissum
665 688 723 719 est
754 681 792 719 in
826 681 904 720 folii
938 682 1038 720 calce
1070 682 1305 721 notabimus.
1370 685 1413 722 N
1438 683 1607 735 ephel-

195 748 409 800 cysticon
443 749 539 788 mira
571 749 805 788 abundantia
837 749 875 788 in
910 750 1036 790 medio
1067 752 1183 790 etiam
1217 752 1419 791 enuntiato
1451 758 1489 791 et
1519 758 1608 792 ante

195 823 454 857 consonantes
485 818 632 857 litteras
665 825 909 870 usurpatum.
970 819 1120 859 Scholia
1152 819 1288 859 insunt
1319 820 1395 859 duo
1425 827 1464 859 et
1495 827 1608 860 notae

196 885 402 924 nonnullae
440 885 478 923 in
522 887 704 936 margine.
767 886 927 925 Errores
965 887 1086 926 relicti
1123 895 1216 927 sunt
1253 888 1407 928 circiter
1438 889 1608 936 ducenti,

197 954 261 993 sed
286 955 458 1005 plerique
481 954 641 993 minime
664 966 809 1005 graves.

310 1020 399 1058 Pal.
419 1019 482 1061 73,
506 1032 603 1058 saec.
621 1020 708 1059 XIII
725 1033 745 1059 a
763 1020 912 1059 Rhodio
927 1020 1155 1069 t1·ibutus²),
1178 1021 1411 1062 nitidissime
1428 1022 1609 1074 scriptus.

198 1089 398 1139 Parsquae
416 1088 647 1139 opusculum
666 1095 846 1128 nostrum
864 1088 1034 1128 continet
1048 1089 1088 1135 (f.
1107 1089 1158 1129 78
1179 1114 1202 1115 j
1220 1089 1290 1140 87)
1300 1090 1612 1142 plurimashabet

197 1157 486 1196 emendationes
527 1156 685 1196 alterius
727 1156 921 1207 manus3).
985 1158 1080 1196 Iota
1122 1170 1248 1209 neque
1279 1158 1517 1210 adscriptum
1551 1166 1612 1198 est

198 1238 367 1276 unquam
379 1222 505 1276 nequ'e
518 1225 796 1276 subscriptum.
831 1225 983 1265 Scholia
994 1226 1127 1265 insunt
1143 1226 1262 1266 multa
1276 1227 1613 1279 praecipueinitio.

198 1293 327 1333 Lectio
345 1293 469 1345 prisca
487 1293 629 1333 codicis
649 1293 778 1332 minus
798 1293 909 1340 bona,
929 1294 1074 1345 optima
1092 1295 1188 1334 facta
1207 1295 1613 1335 estemendationibus

198 1363 244 1401 de
275 1362 416 1413 quibus
449 1362 635 1401 diximus:
683 1362 880 1401 innumeri
922 1363 1025 1401 enim
1075 1375 1226 1403 errores
1268 1365 1315 1403 ab
1346 1364 1464 1403 altera
1497 1377 1613 1403 manu

198 1431 373 1477 correcti,
411 1430 478 1482 qui
511 1436 741 1469 manserunt
772 1431 954 1482 perpauci
987 1433 1136 1480 sunt4).
1199 1431 1465 1472 Correctorem
1497 1432 1615 1484 igitur

197 1511 274 1537 non
295 1499 540 1544 coniecturis,
565 1499 630 1538 sed
655 1499 813 1538 meliore
836 1512 950 1538 usum
975 1500 1201 1540 recensione
1219 1500 1389 1553 priorem
1408 1501 1612 1541 lectionem

198 1567 462 1606 emendavisse
509 1567 601 1606 satis
649 1574 798 1606 certum
844 1568 1046 1607 habemus.
1107 1569 1212 1608 Aliae
1244 1575 1440 1621 praeterea
1478 1582 1614 1609 emen-

199 1637 371 1686 pationes
419 1643 511 1675 sunt
556 1648 632 1675 non
677 1636 838 1682 multae,
887 1636 1022 1676 tertiae
1055 1660 1104 1663 —
1139 1644 1182 1676 ut
1213 1637 1365 1677 videtur
1397 1661 1450 1666 ———
1483 1638 1613 1677 manui

202 1704 482 1752 tribuendae⁵)‚
531 1705 576 1743 de
615 1704 757 1756 quibus
796 1704 929 1743 eadem
975 1705 1179 1745 adfirmare
1220 1719 1299 1745 non
1339 1706 1479 1753 ausim,
1524 1719 1613 1746 cum

201 1773 427 1824 praesertim
453 1773 605 1812 duobus
628 1773 721 1812 locis
754 1786 816 1812 eas
849 1772 1093 1813 coniecturae
1126 1774 1350 1814 tribuendas
1382 1788 1466 1815 esse
1497 1787 1616 1827 appa-

201 1848 295 1880 reat.
356 1842 445 1893 Cap.
482 1844 498 1879 l
535 1841 696 1887 scilicet,
731 1841 797 1880 ubi
829 1839 1021 1895 τοσούτῳ
1054 1840 1181 1894 ε”ρωτι
1214 1844 1284 1896 τῆς
1316 1842 1443 1894 δόξης
1475 1845 1615 1894 εἴχετο

202 1910 390 1962 scriptum
438 1919 530 1954 erat,
578 1910 680 1961 quod
713 1909 801 1949 libri
832 1910 947 1949 ceteri
981 1912 1226 1955 confirmant.
1273 1925 1293 1951 a
1340 1912 1450 1951 tertia
1497 1924 1615 1951 manu

203 1978 328 2032 ἔρωτι
361 1987 613 2032 expunctum,
661 1980 818 2032 οἴστρῳ
851 1979 889 2017 in
925 1979 1096 2031 margine
1128 1980 1367 2032 adscriptum
1400 1987 1470 2026 est,
1511 1981 1615 2032 quod

202 2061 289 2088 cum
324 2050 461 2099 εἴχετο
494 2048 609 2088 verbo
642 2060 717 2086 non
751 2047 956 2086 convenire
988 2048 1123 2088 elucet.
1187 2049 1280 2088 Item
1323 2061 1404 2101 cap.
1437 2048 1502 2096 33,
1552 2049 1615 2087 ubi

203 2118 315 2167 vulgo
348 2113 506 2170 καίπερ
540 2115 620 2171 ἤδη
655 2118 853 2169 νεκρικῶς
886 2116 960 2169 τήν
991 2115 1124 2169 χρόαν
1154 2116 1295 2168 ἔχοντι
1319 2118 1471 2169 legitur,
1504 2117 1614 2157 tertia

299 2240 393 2283 ¹)'De
421 2246 712 2277 emendationibus
742 2247 758 2277 Χ
779 2251 831 2277 at.
860 2246 902 2277 90
929 2257 959 2277 v.
988 2245 1175 2277 Rottistein.
1214 2257 1264 2288 op.
1291 2246 1361 2285 cit„
1393 2256 1461 2287 pag.
1482 2245 1520 2277 57
1548 2255 1615 2287 seq.

294 2299 322 2339 2)
346 2298 380 2330 In
407 2299 546 2332 Museo
576 2300 764 2332 Rhenano
797 2300 863 2332 vol.
890 2299 991 2332 XXV
1024 2302 1067 2339 (a.
1097 2299 1214 2341 1870),
1240 2309 1312 2342 pag.
1331 2301 1407 2332 545.
1464 2300 1616 2332 Ceterum

208 2354 408 2395 excipienda
436 2360 510 2386 suut
538 2354 649 2385 decem
676 2355 780 2396 prima
807 2353 900 2396 folia,
926 2365 1008 2396 quae
1035 2355 1210 2386 chaitacea
1238 2358 1315 2386 sunt
1340 2364 1425 2386 saec.
1451 2353 1526 2386 XV.

296 2407 324 2447 ²³)
352 2407 396 2438 Ue
423 2408 463 2439 iis
483 2408 582 2440 nimis
608 2419 708 2450 pauca
736 2409 866 2440 dhisse
885 2409 1019 2440 videtur
1039 2407 1270 2440 Rothsteinius
1296 2409 1363 2448 (op.
1382 2408 1438 2440 cit.
1459 2419 1529 2450 pag.
1552 2408 1616 2448 15).

295 2461 321 2499 4)
349 2460 491 2492 Errores
525 2473 647 2502 graves
681 2463 797 2494 rolicti
825 2468 901 2494 sunt
933 2462 1075 2494 circiter
1112 2461 1242 2500 decem,
1280 2462 1420 2494 minoris
1458 2462 1617 2494 momenti

204 2518 433 2556 (accentuum,
471 2516 662 2558 spirituum,
703 2516 777 2555 alii)
816 2516 854 2548 ad
889 2516 1079 2556 octoginta,
1117 2515 1237 2557 quibus
1270 2516 1420 2548 addenda
1452 2524 1615 2558 perpauca

207 2574 340 2605 (novem
368 2575 445 2600 sunt
472 2570 523 2601 tel
550 2570 677 2607 decem)
704 2582 719 2601 a
750 2572 937 2612 posteriorc
964 2580 1061 2601 manu
1088 2570 1120 2601 iu
1148 2570 1350 2611 corrigendo
1376 2575 1500 2602 errata.

296 2623 323 2663 4”)
349 2624 432 2654 Ati-o
461 2625 545 2655 enim
579 2625 694 2656 colore
726 2624 873 2666 scriptae
908 2629 1002 2664 sunt,
1040 2634 1111 2655 cum
1146 2624 1298 2666 reliquae
1330 2624 1499 2655 subflavae
1530 2624 1617 2663 sint3

209 2688 266 2709 nec
294 2678 485 2709 litterarum
513 2677 615 2710 forma
643 2679 766 2710 eadem.
