1762 2966
535 834 582 883 A
608 832 658 885 D
683 833 708 884 Ι
734 834 780 885 Ε
806 832 848 886 C
875 833 919 885 T
939 837 1004 885 A.

171 1002 265 1039 (lum
291 1002 363 1040 iani
387 1014 484 1053 opus
507 1001 752 1053 perfecissem
780 1002 954 1053 typisque
978 1003 1276 1049 mandavissem,
1300 1003 1469 1042 libellum

58 1069 95 1107 in
129 1069 275 1108 Paris.
307 1070 390 1109 cod.
424 1070 533 1109 2954
565 1069 634 1120 (M)
672 1070 821 1121 integre¹
867 1071 1048 1110 collatum
1093 1071 1221 1122 accepi
1266 1071 1313 1110 ab
1345 1074 1470 1111 Aenea

57 1137 345 1184 l’iccolominio‚
379 1139 560 1189 magistro
592 1139 751 1190 optimo,
785 1139 846 1177 eui
878 1139 924 1178 de
958 1140 1027 1177 hac
1057 1140 1172 1178 etiam
1207 1153 1247 1179 re
1278 1141 1419 1191 gratiae
1451 1155 1470 1181 a

58 1219 117 1245 ine
149 1219 264 1258 quam
300 1206 488 1245 maximae
520 1207 699 1257 agendae.

168 1275 282 1314 Liber
303 1282 362 1314 est
385 1275 561 1326 bombyc.
586 1275 651 1313 fol.
676 1274 767 1314 337.
802 1275 882 1313 xlv
906 1288 1004 1314 saec.
1031 1275 1274 1315 tribuendus.
1327 1277 1470 1317 Emen-

55 1343 229 1383 dationes
266 1343 400 1383 insunt
432 1356 506 1383 non
540 1355 684 1395 paucae
715 1343 859 1382 librarii
893 1343 1015 1395 ipsius
1054 1351 1091 1383 et
1128 1344 1284 1384 alterius
1318 1358 1468 1388 manus,

52 1425 150 1463 quae
193 1419 322 1452 autem
371 1413 600 1464 plerumque
646 1413 912 1451 recensionem
961 1412 1069 1451 valde
1115 1412 1283 1463 peiorem
1324 1414 1470 1452 faciunt

52 1493 166 1532 quam
199 1488 309 1520 antea
342 1483 479 1520 fuerat.
541 1480 652 1519 Nunc
684 1480 841 1519 demum
874 1480 1042 1525 fontem,
1092 1488 1132 1519 ut
1175 1482 1225 1520 ita
1257 1482 1401 1528 dicam,
1449 1495 1468 1520 e

51 1562 128 1599 quo
172 1561 323 1588 errores
370 1549 526 1601 plurimi
576 1556 828 1587 manaverunt
874 1555 912 1588 et
941 1549 979 1587 in
1014 1549 1220 1588 editionem
1253 1550 1466 1602 principem

52 1617 253 1656 irruerunt
284 1618 560 1670 conspicimus.
614 1618 684 1657 Hic
715 1617 817 1656 enim
852 1630 932 1669 cap.
957 1617 980 1655 3
1015 1615 1106 1664 οἷός
1138 1633 1180 1657 τε
1211 1617 1250 1657 in
1284 1614 1375 1665 οἶός
1402 1633 1465 1668 γε,

51 1698 133 1738 cap.
167 1687 190 1725 5
229 1687 445 1726 κατέπαυε
479 1687 516 1725 in
549 1688 818 1734 καῑέπαυσε,
866 1698 948 1737 cap.
986 1687 1030 1724 11
1075 1686 1247 1739 εἰσῆγεν
1278 1686 1316 1725 in
1350 1686 1467 1740 εἰσή-

51 1768 204 1803 γαγεν,
252 1767 333 1807 cap.
370 1756 418 1793 17
464 1753 687 1807 διησκεῖτο
724 1755 762 1793 in
795 1753 1028 1807 διήσκηιο,
1075 1762 1114 1794 et
1144 1755 1215 1794 alia
1246 1768 1343 1806 quae
1376 1763 1470 1795 sunt

52 1822 203 1873 generis
245 1823 417 1863 eiusdem
467 1823 564 1862 male
608 1824 809 1862 emendata
856 1823 1090 1863 invenimus.
1161 1823 1231 1862 Hic
1271 1830 1468 1875 postremo

56 1890 234 1943 Αἰγαίῳ
266 1892 380 1931 etiam
414 1892 518 1937 illud,
552 1892 655 1943 quod
688 1892 789 1931 unde
821 1899 950 1931 ortum
981 1899 1085 1932 esset
1106 1905 1243 1944 parum
1267 1893 1470 1932 constabat

51 1958 116 2008 (cf.
148 1962 267 2011 praef.
297 1973 380 2012 pag.
408 1960 591 2011 18—19)
637 1973 747 2000 verae
794 1961 951 2000 lectioni
993 1958 1127 2011 ἀγῶνι
1175 1961 1466 2013 superpositum

50 2026 200 2078 legitur.

163 2095 276 2136 Nunc
296 2097 384 2136 libri
406 2098 650 2137 collationem
676 2098 719 2136 ad
745 2098 1009 2137 recensionem
1044 2105 1218 2137 nostram
1245 2111 1468 2138 accommo-

50 2163 176 2203 datam
208 2167 435 2205 referemus.

163 2315 391 2357 Recensio
429 2324 604 2357 nostra.
962 2316 1108 2355 Paris.
1140 2318 1296 2356 codex.

918 2385 940 2415 γ

49 2415 138 2468 Cap.
172 2417 208 2456 3.
256 2416 347 2465 οἷός
379 2434 434 2458 τε.
794 2417 887 2466 οἶός
918 2434 960 2458 τε
991 2422 1106 2465 (corr.
1131 2419 1216 2458 libr.
1241 2420 1350 2472 ipse).

253 2485 331 2526 διὰ
360 2488 434 2528 τοῦ
460 2489 716 2541 γυμνασίου.
792 2486 870 2527 διὰ
901 2492 976 2527 τοῦ
1006 2489 1249 2540 γυμνασίου
1282 2484 1435 2528 αὐτῶν.

252 2552 429 2603 βοῶσιν.
793 2555 944 2604 βοῶσι.

49 2619 138 2671 Cap.
172 2621 206 2660 4.
253 2617 369 2673 αι’ντῷ
414 2618 716 2673 ἇνταγωνίσα-
792 2622 1190 2674 ἀνταγωνίσασθαι
1229 2625 1300 2664 καὶ
1334 2621 1461 2678 αὐτῷ.

316 2690 442 2729 σθαι.

1229 2762 1251 2794 4
