1762 2966
672 132 1052 167 —8ss

157 246 392 298 ἇνίσχοντα
427 246 499 286 ιόν
533 244 652 300 ἥλιον
684 254 780 298 (cap.
814 247 885 296 39)
925 261 1046 298 usque
1083 248 1127 286 ad
1166 249 1278 288 verba
1312 247 1567 300 ἔμπροσθεν

156 316 302 370 ἀφῆκα
335 326 432 367 (cap.
468 316 550 363 40),
598 315 714 354 altera
755 315 877 354 multo
917 316 1042 355 minor
1073 329 1153 368 cap.
1188 318 1252 362 42,
1301 317 1365 355 ubi
1398 329 1465 369 pro
1498 313 1568 356 ὅτε

156 383 266 439 μηδὲ
298 380 543 424 ἀπολαύειν
575 384 659 422 τῶν
691 382 887 423 ἐπαίνων
918 382 1095 437 ἔμελλεν
1126 382 1396 438 ἀνιάσθηίος
1428 381 1568 425 αι’ϊῶν

155 451 384 506 γενόμενος
429 452 616 504 scriptum
656 458 715 491 est
747 458 898 491 tantum
931 448 1000 492 ὅτε
1031 452 1089 506 μὴ
1121 445 1398 506 ἀναίσθητος
1429 449 1569 492 αὖτῶν

156 520 385 574 γενόμενος
399 522 440 567 ¹).

268 602 310 640 ln
343 601 492 640 Palat.
529 602 606 639 174
648 601 823 652 boinbyc.
856 608 894 640 et
929 601 1049 640 chart.
1082 601 1120 640 in
1153 603 1208 647 4⁰,
1256 614 1353 641 saec.
1388 601 1469 640 XIV
1514 601 1570 640 vel

159 671 266 722 ΧΨ)
297 670 528 722 opusculum
563 675 741 708 nostrum
775 682 846 708 nec
878 669 1056 721 pluribus
1089 682 1159 709 nec
1181 669 1429 721 paucioribus
1461 682 1568 709 erro—

157 739 263 779 ribus
314 752 429 790 quam
479 739 515 777 iu
563 738 762 790 superiore
809 738 940 777 codice
986 739 1195 778 foedatum.
1271 738 1572 778 Emendationes

157 808 283 847 nullae
306 814 415 853 sunt3
448 808 544 846 iota
576 808 613 846 in
639 806 879 859 diphthongo
902 806 1113 859 impropria
1137 819 1336 858 nunquam
1361 806 1569 858 signatum.

272 888 408 927 Vatic.
443 887 508 933 89,
555 888 780 926 chartaceus
826 886 864 924 in
909 888 964 932 4⁰,
1010 886 1075 925 XV
1107 887 1262 934 saec.³)‚
1310 887 1385 926 duo
1420 893 1569 926 tantum

161 959 372 1007 fragmenta
406 956 581 1007 opusculi
613 956 798 1002 continet,
832 956 851 993 i.
888 968 918 993 e.
951 955 998 994 ab
1030 955 1140 994 initio
1172 956 1216 994 ad
1250 956 1362 994 verba
1385 955 1460 995 τὸν
1481 952 1570 995 ἀπὸ

161 1026 230 1078 τῆς
254 1020 483 1076 Ῥωμαίων
515 1024 613 1076 (cap.
645 1025 778 1071 1—4)‚
818 1030 856 1062 et
887 1036 906 1062 a
939 1023 1065 1062 verbis
1097 1020 1238 1063 αῧτῶν
1268 1021 1496 1076 γενόμενος
1526 1025 1572 1063 ad

160 1095 274 1131 tinem
311 1100 407 1144 (cap.
441 1092 636 1139 42ss45).
697 1092 860 1131 Avulsae
906 1091 1052 1131 scilicet
1082 1098 1177 1130 sunt
1207 1093 1361 1131 chartae
1391 1105 1490 1144 quae
1521 1092 1574 1131 de

161 1168 310 1200 morte
343 1161 593 1212 Peregrini
634 1160 806 1199 libellum
847 1167 1011 1212 utraque
1049 1161 1184 1213 pagina
1222 1161 1476 1212 praebebant,
1523 1161 1574 1200 ita

160 1237 201 1268 ut
232 1243 272 1268 ea
307 1236 456 1268 tantum
490 1229 622 1268 relicta
655 1228 744 1279 sint,
778 1242 876 1279 quae
908 1229 1026 1268 deleri
1058 1242 1133 1268 non
1166 1236 1346 1281 poterant
1377 1230 1471 1281 quin
1503 1230 1574 1269 alia

158 1308 313 1346 quoque
346 1294 505 1333 Luciani
551 1295 692 1346 scripta
739 1294 1025 1333 mutilarentur.
1086 1294 1191 1342 Quae
1226 1302 1455 1334 manserunt
1497 1308 1575 1334 uon

159 1363 301 1415 peioris
333 1370 426 1402 sunt
456 1363 633 1402 lectionis
664 1375 779 1414 quam
812 1363 851 1401 in
884 1364 1021 1402 ceteris
1049 1363 1332 1403 recentioribus
1363 1364 1574 1404 codicibus.

160 1432 260 1470 lota
293 1431 396 1470 nulla
427 1432 508 1481 lege
543 1432 656 1470 modo
688 1430 952 1483 subscriptum
987 1439 1056 1478 est,
1091 1432 1205 1471 modo
1237 1432 1441 1472 omissum.

271 1511 401 1550 Marc.
437 1511 530 1557 434,
571 1511 891 1551 membranaceus
922 1512 961 1551 in
995 1513 1096 1559 solio,
1129 1526 1174 1551 ex
1206 1513 1355 1552 duabus
1388 1514 1575 1565 partibus,

161 1581 191 1618 si
223 1580 454 1631 scripturam
489 1580 688 1631 respicias,
721 1587 885 1627 constat,
917 1581 957 1619 in
988 1581 1106 1620 altera
1129 1583 1265 1630 (chart.
1288 1582 1576 1630 1—268)X111

162 1649 200 1687 in
233 1649 350 1687 altera
384 1649 520 1695 (chart.
545 1648 784 1697 269—447)
816 1649 900 1688 XlV
931 1650 988 1688 vel
1019 1649 1085 1688 XV
1118 1650 1361 1689 tribuendus.
1405 1651 1575 1691 Libellus

164 1724 295 1756 noster
326 1717 427 1755 foliis
459 1717 540 1755 410
572 1729 602 1755 r.
623 1740 674 1744 —
694 1717 775 1755 416
808 1730 836 1756 r.
870 1718 1109 1757 continetur:
1143 1718 1287 1758 scholia
1318 1720 1505 1759 nonnulla
1535 1720 1575 1759 in

165 1785 337 1836 margine
359 1786 524 1832 adiecta3
545 1786 588 1824 io
602 1791 642 1825 ta
664 1798 789 1837 neque
807 1787 1044 1838 adscriptum
1070 1800 1195 1838 neque
1217 1788 1480 1840 subscriptum
1505 1795 1576 1828 est.

276 1866 407 1905 Marc.
433 1866 528 1911 435,
562 1866 883 1905 membranaceus
916 1868 951 1905 in
986 1868 1076 1906 folio
1108 1868 1228 1907 chart.
1263 1868 1357 1915 ⁴211,
1391 1881 1488 1908 saec.
1514 1869 1575 1908 XV

164 1948 181 1973 a
217 1934 389 1973 Zanettio
437 1935 619 1979 tributus,
668 1948 756 1973 etun
789 1936 982 1975 Marciano
1015 1936 1095 1975 434
1131 1943 1278 1975 tantum
1315 1949 1391 1976 non
1425 1950 1578 1989 semper

163 2003 355 2047 convenit,
402 2003 451 2042 ita
487 2011 528 2042 ut
559 2003 605 2041 ab
638 2016 681 2041 eo
714 2003 932 2055 descriptus
964 2017 1048 2043 esse
1080 2005 1265 2044 videatur.
1328 2005 1385 2044 De
1431 2014 1577 2045 morte

164 2071 410 2122 Peregrini
457 2072 686 2123 opusculum
737 2072 837 2111 foliis
886 2073 963 2112 193
1006 2074 1210 2113 v.196
1254 2087 1285 2112 v.
1333 2075 1575 2115 continetur:

165 2141 308 2179 scholia
358 2147 449 2179 sunt
496 2153 573 2179 non
621 2141 730 2192 plura
777 2154 891 2192 quam
939 2142 975 2180 in
1024 2141 1138 2180 Marc.
1187 2142 1330 2194 priore,
1388 2143 1482 2182 iota
1538 2143 1576 2182 iu

164 2209 405 2260 diphthongo
438 2209 648 2261 impropria
680 2222 879 2260 nunquam
913 2210 1122 2261 signatum.

256 2416 280 2455 ¹)
306 2417 435 2447 Summa
486 2417 642 2448 cautione
682 2418 711 2447 in
758 2418 819 2448 hoc
852 2419 967 2450 codiee
1006 2417 1163 2450 utendum
1207 2428 1279 2450 esse
1323 2423 1435 2451 monet
1474 2419 1577 2452 Roth-

165 2470 309 2502 steinius
337 2474 400 2512 (op.
427 2471 472 2502 cit
511 2482 581 2512 pag.
601 2472 668 2509 06).

255 2535 281 2573 ¹2)
308 2536 352 2567 De
379 2536 441 2567 hoe
470 2537 554 2568 libro
582 2536 815 2569 Rothstvinius
843 2538 963 2569 nullam
991 2538 1074 2570 facit
1099 2539 1311 2570 mentionem.

255 2602 279 2638 ³³)
309 2602 353 2633 lta
391 2601 554 2634 Rcitzius.
617 2604 771 2635 Ceterum
811 2604 849 2635 de
887 2604 947 2636 hoc
986 2604 1072 2636 libro
1112 2603 1152 2636 cf.
1189 2603 1377 2637 Rothstein.
1415 2604 1481 2647 (op.
1519 2605 1576 2638 cit.

168 2666 236 2697 pag.
270 2656 423 2697 lbffllT'Jt,
450 2657 504 2698 qui
532 2662 638 2689 tamen
667 2667 737 2689 euin
765 2657 842 2691 XIV
871 2669 957 2689 saec.
986 2663 1156 2690 exaratum
1186 2663 1312 2691 censet.
