1762 2966
693 178 807 181 Η,-
876 153 926 191 14
989 174 1104 178 ᾖ

200 267 352 307 duobus
399 268 652 319 ἐπάγεσθαι.
700 269 963 315 inveniamus,
1010 268 1112 320 quod
1160 267 1236 307 Pal.
1280 268 1331 306 73
1376 267 1457 318 ipse
1502 266 1611 307 initio

203 337 406 385 habuerat,
457 339 576 385 viam,
630 345 670 378 ut
716 338 766 378 ita
814 337 957 384 dicam,
1004 350 1078 388 qua
1124 335 1345 376 foedissima
1394 335 1612 387 corruptela

200 409 358 448 irruerit
402 414 516 459 atque
562 419 764 459 progressa
814 406 873 452 sit,
921 405 1065 445 nostris
1112 407 1190 444 sere
1231 403 1353 444 oculis
1395 403 1612 443 discernere

200 490 427 529 possumus:
476 472 729 524 ἐπᾴσεσθαι
775 497 829 503 —-
872 471 1123 520 ἐπάξεσθαι
1170 496 1223 501 -
1264 468 1517 518 ἐπάγεσθαι
1560 493 1613 500 -

201 546 524 595 ἐπαγαγέσθαι.
587 543 680 582 Nam
714 556 795 594 cap.
826 542 877 582 26
909 555 979 594 pro
1017 545 1273 594 Περεγρῖνος
1304 540 1468 586 κακῶς
1499 535 1613 580 ἀπο-

203 611 335 653 θάνοι
368 612 529 652 sacetius
563 619 604 651 ut
635 624 747 663 saepe
778 611 906 662 alias¹)
944 613 1201 663 Περεγρῖνος
1240 609 1394 656 κακὸς
1440 607 1615 654 κακῶς
1665 655 1669 660 ι

200 679 426 722 ἀποθάνοι
477 695 496 719 a
530 680 698 719 Luciano
737 679 883 719 (lictum
916 691 1000 718 esse
1033 678 1242 718 Fritzschio
1274 677 1424 717 facilius
1456 676 1612 716 credere

199 763 269 790 nos
291 762 416 801 posse,
449 761 537 788 cum
562 749 598 788 in
623 748 740 787 Palat.
765 748 815 786 73
839 760 858 787 a
882 747 1006 799 prima
1029 759 1145 786 manu
1172 749 1432 799 Περεγρῖνος
1461 743 1614 790 κακὸς

201 815 426 857 ἀποθάνοι
445 818 475 862 ²)
509 816 696 868 scriptum
731 816 986 862 inveniamus,
1018 827 1134 854 nemo
1156 821 1215 854 est
1236 814 1329 865 quin
1353 814 1490 853 videat.
1539 812 1613 852 Sed

201 887 246 925 (le
278 887 351 925 hoc
383 886 487 925 satis.

890 988 929 1025 V.

313 1070 423 1109 Nunc
466 1075 597 1109 contra
644 1070 690 1108 de
736 1068 829 1107 locis
867 1067 1066 1106 nonnullis
1098 1066 1266 1106 breviter
1296 1065 1500 1116 agendum,
1549 1064 1614 1103 ubi

201 1139 368 1184 codices,
416 1151 514 1189 quos
560 1137 727 1189 inspexi,
776 1150 822 1175 ne
864 1136 1069 1176 doctorum
1114 1135 1356 1174 coniecturas
1402 1133 1612 1185 reciperem

202 1208 487 1247 deterruerunt.

316 1277 405 1327 Cap.
432 1277 466 1314 1.
500 1273 553 1313 τα
582 1273 810 1313 τελειίαῖα
842 1286 931 1312 cum
965 1273 1158 1312 Marciano
1189 1271 1319 1311 codice
1351 1271 1432 1310 434
1464 1282 1535 1322 pro
1565 1267 1619 1308 τὰ

205 1343 428 1384 τελευταῖα
473 1344 626 1390 ταῦτα,
674 1342 776 1393 quod
823 1343 973 1394 vulgata
1021 1341 1147 1387 tradit,
1194 1339 1401 1391 legendum
1442 1350 1526 1378 esse
1566 1337 1619 1377 ait

204 1412 582 1458 Sommerbrodfius,
630 1411 695 1462 qui
744 1411 878 1450 ταῦτα
923 1423 942 1449 e
990 1408 1213 1449 τελευταῖα
1258 1407 1364 1447 verbi
1410 1405 1618 1458 postremis

201 1481 340 1521 litteris
392 1482 536 1532 (ταια)
590 1486 725 1519 natum
779 1491 864 1518 esse
915 1478 1127 1518 existimat:
1188 1483 1227 1516 at
1275 1476 1448 1528 quinque
1498 1474 1617 1513 libros

201 1549 642 1597 (G11elferb.v3tic.9‹i),
677 1548 741 1593 87,
775 1547 892 1586 Palat.
917 1547 980 1591 73,
1009 1546 1104 1597 174)
1137 1544 1190 1584 τά
1222 1543 1447 1584 τελευταῖα
1478 1544 1614 1583 ταῦτα

202 1618 342 1657 habere
375 1618 563 1664 videmus,
597 1617 698 1668 quod
732 1629 750 1654 a
782 1616 926 1655 Graeco
958 1627 1139 1654 sermone
1171 1625 1415 1664 nequaquam
1448 1611 1615 1650 alienum

202 1686 367 1725 videtur.
414 1685 488 1732 (Cf.
512 1685 726 1725 Lucianum
760 1684 889 1736 ipsum
924 1683 1025 1736 περὶ
1058 1684 1266 1729 πένθους,
1303 1681 1369 1722 16;
1403 1679 1456 1720 τὰ
1476 1678 1618 1720 τελευ-

203 1760 304 1793 ιάῖα
336 1753 388 1806 δὴ
421 1754 558 1793 ταῦτα
591 1754 877 1805 παραπαίων,
926 1752 992 1792 ubi
1024 1758 1154 1792 tamen
1186 1751 1323 1790 ταῦτα
1354 1762 1442 1789 cum
1475 1763 1619 1801 παρα-

203 1823 350 1861 παίων
396 1835 416 1861 a
462 1822 660 1861 nonnullis
708 1822 805 1860 male
851 1821 959 1871 iungi
1004 1833 1082 1859 non
1128 1819 1296 1871 ignoro.)
1369 1818 1447 1858 Nec
1497 1817 1619 1869 magis

202 1890 536 1930 Sommerbrodtio
569 1890 723 1929 credam
756 1902 837 1941 cap.
865 1889 915 1928 12
948 1887 1073 1929 ἔνδον
1104 1894 1193 1941 post
1215 1885 1543 1928 συνεκάθευδον
1574 1899 1619 1925 ex

202 1957 325 1998 ευδον
370 1959 507 1998 litteris
554 1958 652 1998 male
700 1958 873 2010 repetitis
919 1964 1049 1997 ortum
1097 1971 1193 2004 esse,
1240 1964 1355 2008 atque
1394 1968 1484 1996 cum
1517 1955 1618 1995 Mar-

201 2027 311 2066 ciano
335 2027 414 2066 334
448 2027 669 2067 delendum.
717 2028 812 2066 (lum
846 2027 885 2066 in
917 2026 1077 2078 reliquis
1108 2025 1216 2065 libris
1239 2025 1435 2070 omnibus,
1468 2030 1619 2076 praeter

202 2095 436 2135 Marcianum
485 2096 670 2141 alterum,
723 2093 850 2134 ἔνδον
895 2096 1086 2146 legamus,
1134 2107 1262 2134 nonne
1309 2094 1439 2145 potius
1486 2092 1619 2132 existi-

201 2164 387 2203 mandum
422 2164 536 2203 Marc.
570 2164 664 2210 434,
711 2176 798 2202 cum
847 2164 1001 2203 eaedem
1042 2165 1120 2202 sere
1151 2163 1300 2202 litterae
1331 2161 1618 2213 praecederent,

201 2231 337 2272 ἔνδον
357 2233 455 2272 male
487 2228 738 2281 omisisse?³J

314 2301 478 2340 Ineunte
509 2313 590 2353 cap.
621 2301 643 2339 3
677 2299 937 2354 δράματος
969 2297 1177 2352 διασκευή
1208 2311 1278 2350 pro
1311 2295 1617 2350 πράγματος

202 2368 427 2422 διασκευή,
476 2369 515 2408 in
562 2382 638 2421 quo
684 2369 773 2409 libri
818 2381 955 2408 omnes
996 2367 1246 2413 conveniunt,
1291 2365 1496 2417 legendum
1538 2376 1617 2404 non

202 2437 422 2476 concedam.
465 2437 696 2488 Quanquam
730 2437 832 2477 enim
867 2437 1050 2476 dramatis
1073 2435 1275 2488 proprium
1303 2447 1387 2474 esse
1410 2432 1619 2487 διασκευή

295 2576 319 2614 ¹)
346 2575 485 2607 Parus.
513 2577 566 2616 57,
594 2576 777 2618 Philops.
806 2576 857 2607 20.

294 2631 317 2666 2)
345 2630 495 2662 Secunda
522 2640 637 2662 manus
662 2627 769 2665 κακὸς
794 2630 826 2661 in
853 2629 965 2664 κακῶς
991 2628 1194 2660 emendavit.

296 2685 322 2722 3)
350 2684 453 2716 Marc.
469 2685 533 2715 435
555 2685 657 2715 Marc.
676 2685 741 2715 4:³4
760 2684 814 2716 hic
833 2694 959 2726 quoque
975 2688 1103 2714 temere
1120 2687 1254 2714 secutus
1274 2686 1337 2722 est,
1356 2686 1392 2713 ut
1410 2690 1507 2722 saepe
1521 2680 1617 2712 alias.
