1762 2966
676 147 1086 185 ——12—

176 261 385 311 rogationis
417 263 538 300 forma
573 262 692 301 uteris
726 258 803 314 (οὖ
835 262 928 301 και’
964 259 1091 308 ἀξίαν
1120 260 1303 312 reiciam
1336 262 1390 304 ἄν
1420 263 1492 304 ἐπὶ
1529 267 1586 320 τῷ

176 326 325 381 simle&
340 330 352 376 )

291 421 434 460 lbidem
468 423 596 474 paullo
628 423 790 462 inferius
824 422 936 461 verba
958 424 1101 462 καίίοι
1125 421 1271 463 πόθεν
1293 424 1406 474 εἶχεν
1427 422 1587 472 ἐκεῖνος

175 489 384 529 τοσοῦτον
414 490 580 540 γέλωτα
611 492 702 542 quid
736 491 806 530 sibi
842 491 958 530 velint
988 504 1066 530 non
1096 491 1280 543 intelligo.
1329 492 1585 532 Scribendum

176 570 259 596 esse
290 570 428 597 censeo
463 557 608 599 πόθεν
640 557 698 599 ἄν
730 560 843 609 εἶχεν
873 560 930 597 vel
963 558 1111 599 πόθεν
1143 560 1254 609 εἶχεν
1286 557 1345 599 ἄν
1376 558 1460 600 κτλ.
1494 561 1587 611 (sci-

176 625 280 664 licet:
330 628 453 666 unde
500 634 680 666 tantum
729 627 983 666 habuisset
1023 628 1202 674 risum,
1249 627 1326 679 qui
1358 628 1411 667 ad
1442 628 1588 668 Pere-

176 694 298 743 grini
366 695 625 734 stultitiam
693 696 987 734 irridendam
1050 694 1440 747 suppeditat·et‘?)
1513 695 1588 737 ’Ἀν

175 770 332 814 propter
369 777 414 803 εν
444 765 545 815 quod
577 765 747 804 anteibat
778 765 956 803 facillime
987 777 1216 804 evanescere
1249 764 1420 816 potuisse
1451 778 1587 805 omnes

176 831 306 870 vident
334 832 399 881 (cf.
432 845 513 884 cap.
547 832 617 879 26,
667 833 730 871 ubi
776 846 845 884 pro
892 831 1042 885 χάριεν
1078 828 1136 872 ἰίν
1172 830 1404 886 ἐργάσαιτο
1443 833 1587 873 librarii

175 898 325 952 χάριεν
356 898 589 952 ἐργάσαιτο
621 902 891 953 scripserunt).

288 989 471 1028 Eiusdem
496 990 631 1042 capitis
664 991 701 1029 in
726 992 799 1029 line
831 1003 901 1042 pro
935 987 1138 1040 ἀκούσῃς,
1172 991 1274 1041 quod
1299 991 1484 1030 hactenus
1505 990 1588 1030 edi-

177 1064 278 1096 tores
300 1058 477 1109 legerunt
499 1059 845 1110 Guelferbytamim
878 1058 1049 1098 codicem
1084 1059 1219 1104 secuti,
1251 1055 1410 1111 ἀκούῃς
1440 1059 1479 1098 in
1509 1072 1587 1110 quo

175 1132 322 1178 septem
356 1126 441 1165 libri
474 1140 609 1166 omnes
641 1141 738 1178 qnos
771 1127 1008 1166 contulimus
1041 1127 1297 1174 conveniunt,
1336 1127 1587 1167 scribendum

174 1207 392 1241 censemus,
433 1208 520 1234 cum
555 1196 627 1234 hoc
657 1196 740 1234 loeo
774 1208 851 1234 non
884 1196 1003 1234 semel
1035 1195 1212 1234 accidens
1243 1196 1343 1235 actio
1375 1196 1491 1235 verbo
1523 1209 1589 1236 ex-

173 1263 375 1315 primenda
419 1264 480 1311 sit,
524 1265 590 1303 sed
622 1277 663 1303 ea
696 1277 792 1315 quae
825 1277 937 1316 saepe
969 1264 1152 1303 iteretur:
1200 1263 1305 1314 γέλα
1337 1264 1407 1303 καὶ
1441 1261 1586 1313 αὐτός,

173 1331 245 1370 καὶ
291 1330 482 1383 μάλιστα
529 1329 696 1372 ὁπόῑαν
732 1332 816 1372 τῶν
854 1330 996 1371 ἄλλων
1034 1328 1228 1386 ἀκούῃς
1269 1330 1588 1385 θαυμαζόντων

173 1397 320 1448 αὐτόν,
353 1400 507 1440 rideto
539 1407 581 1440 et
616 1408 681 1447 tu,
716 1407 807 1440 tum
839 1402 986 1452 magis
1009 1413 1109 1440 cum
1134 1400 1587 1452 (quotiescumque)

173 1482 278 1508 eum
312 1469 428 1508 alios
461 1469 754 1509 admirantes
787 1469 962 1509 audies.

289 1562 341 1600 De
371 1562 454 1601 loco
487 1561 652 1613 denique
685 1562 890 1601 (licendum
924 1569 1003 1608 est,
1051 1562 1115 1601 ubi
1146 1569 1267 1608 errat,
1316 1574 1399 1601 mea
1430 1562 1585 1613 quidem

175 1630 378 1675 sententia,
413 1632 577 1681 vulgata,
608 1631 779 1670 Vaticani
809 1637 936 1670 autem
969 1630 1059 1669 libri
1090 1631 1333 1677 vetustiores,
1365 1643 1586 1682 quanquam

175 1712 303 1738 veram
337 1700 541 1738 lectionem
575 1712 623 1738 ne
646 1699 719 1752 ipsi
741 1700 895 1751 quidem
919 1699 1117 1752 praebent,
1153 1706 1281 1738 tamen
1307 1706 1450 1738 rectam
1474 1700 1587 1746 viam,

175 1774 217 1807 ut
247 1768 296 1807 ita
325 1768 462 1815 (licam,
495 1769 720 1814 ostendunt,
754 1781 868 1820 quam
894 1769 1054 1820 ingressi
1077 1780 1159 1807 eam
1184 1768 1357 1807 invenire
1379 1767 1588 1820 possimus.

174 1837 263 1888 Cap.
297 1836 346 1875 25
394 1837 544 1888 vulgata
582 1839 675 1876 fert:
725 1833 870 1889 ὥσπερ
904 1834 978 1876 οὒκ
1010 1835 1108 1876 ἐνὸν
1140 1837 1253 1876 εἶναί
1285 1850 1406 1883 τινας
1437 1835 1511 1875 καὶ
1542 1835 1589 1876 ἐν

166 1901 318 1952 Ἰνδοῖς
349 1905 519 1958 μωροὺς
551 1906 619 1944 καὶ
656 1903 909 1952 κενοδόξους
932 1902 1210 1958 ἀνθρώπους.
1263 1905 1337 1944 Pro
1369 1901 1444 1944 οῧκ
1475 1902 1586 1951 ἐνὸν,

174 1968 223 2013 01³¹
256 1973 380 2014 κενὸν
411 1974 551 2025 legitur
581 1975 619 2013 in
652 1974 733 2013 Vat.
767 1974 831 2017 90,
869 1974 908 2012 in
940 1974 1016 2013 Pal.
1051 1973 1102 2012 73
1138 1970 1212 2012 οὒκ
1244 1971 1338 2013 ἐνὸν
1369 1973 1588 2014 emendavit

174 2042 291 2082 altera
325 2055 464 2082 manus
496 2043 533 2081 in
567 2043 606 2082 «εἰ
638 2044 704 2095 εἴη
737 2042 896 2082 καινόν.
945 2043 1041 2081 Cum
1074 2043 1191 2093 igitur
1224 2038 1370 2093 ὥσπερ
1394 2038 1469 2081 οῧκ
1492 2040 1588 2082 ἐνὸν

173 2111 219 2149 ab
252 2111 368 2150 huius
399 2112 470 2150 loci
510 2112 702 2151 sententia
735 2111 902 2150 alienum
937 2124 1022 2150 esse
1055 2111 1240 2156 videatur,
1286 2122 1411 2162 neque
1457 2118 1586 2150 tamen

173 2179 329 2231 probari
374 2180 498 2231 possit
544 2176 691 2233 ὥσπερ
739 2177 788 2219 οὗ
835 2178 959 2219 κενὸν
998 2180 1228 2228 (absurdum
1266 2179 1369 2218 enim
1409 2179 1486 2230 est)
1522 2186 1588 2218 aut

174 2242 334 2301 ὥσπερ’
368 2249 407 2287 εἰ
453 2249 518 2301 εἴη
557 2247 721 2294 καινὸν,
768 2262 786 2287 a
819 2262 896 2300 quo
928 2249 1031 2287 haud
1062 2248 1171 2287 facile
1204 2245 1351 2299 ὥσπερ
1383 2244 1459 2287 οὒκ
1490 2246 1588 2287 ἐνὸν

173 2317 262 2356 oriri
295 2324 458 2368 poterat,
490 2314 636 2369 ὥσπερ
669 2315 719 2357 ὂν
750 2316 901 2357 καινὸν
929 2317 1177 2356 scribendum
1200 2329 1284 2356 esse
1306 2323 1508 2368 putamus:
1541 2316 1587 2355 ab

174 2383 222 2425 ὂν
268 2382 416 2426 καινόν
460 2386 605 2425 scilicet
650 2399 779 2425 errore
829 2386 917 2425 trito
961 2382 1011 2425 οὐ
1043 2385 1196 2425 καινὸν
1226 2385 1354 2437 primo
1385 2385 1590 2432 exstiterit,

174 2467 247 2505 qua
272 2454 434 2493 lectione
457 2455 619 2493 Palatini
643 2454 693 2493 73
727 2460 922 2494 corrector
955 2467 1048 2493 usus
1080 2452 1232 2493 καινὸν
1252 2461 1355 2492 recte
1377 2453 1586 2505 scripserit,

175 2535 261 2561 cum
295 2530 425 2561 autem
461 2520 509 2562 οἵ·
542 2523 634 2574 quid
666 2523 739 2562 sibi
772 2523 884 2562 vellet
914 2535 991 2562 non
1025 2522 1267 2573 intelligeret,
1310 2534 1435 2573 neque
1470 2521 1509 2561 id
1539 2521 1587 2561 ab

174 2589 224 2630 ὄν
254 2598 389 2630 natum
423 2604 507 2630 esse
539 2592 713 2637 sentiret,
760 2591 799 2630 εἰ
841 2593 906 2644 «εἴη
938 2599 1026 2631 ante
1058 2590 1210 2630 καινὸν
1255 2591 1450 2629 coniciens
1480 2590 1585 2629 inse-

176 2660 308 2699 ruerit.
370 2660 427 2698 ΑΙ)
459 2656 606 2713 ὥσπερ
639 2657 688 2699 οὗ
719 2659 885 2707 καινὸν,
933 2660 969 2699 id
1000 2660 1102 2711 quod
1136 2659 1215 2699 Vat.
1249 2660 1301 2698 90
1334 2663 1407 2699 fert
1439 2656 1586 2711 ὥσπερ
