1762 2966
694 141 1104 181 ——10—

199 270 350 310 semper
383 270 476 296 usus
509 264 567 297 est
600 257 854 303 Lucianusm
902 254 1105 310 Σωκράτη
1139 260 1303 297 sormam
1337 256 1455 296 semel
1486 256 1533 294 ab
1563 268 1609 294 eo

200 333 422 378 usurpatam
457 325 597 372 inveni,
636 326 658 363 i.
691 338 722 364 e.
757 325 909 364 Paras.
946 326 1007 372 19,
1039 339 1116 377 qno
1147 326 1231 365 loco
1262 325 1346 377 ipso
1378 321 1610 378 Σωκράτην

199 394 350 434 codices
382 394 557 433 nonnulli
588 393 830 445 exhibent2).

312 464 401 516 Cap.
429 463 491 509 13,
525 463 588 501 ubi
613 463 762 514 vulgata
792 469 830 502 et
852 462 1002 502 codices
1025 463 1201 502 nonnulli
1226 462 1368 502 habent
1389 458 1610 514 ἀμήχανον

199 530 245 572 δέ
268 548 305 572 τι
330 532 376 572 τὸ
409 529 564 582 τάχος
595 530 919 572 ἐπιδείκνυνται
944 529 1128 571 ἐπειδάν
1149 546 1191 570 τι
1213 530 1412 570 τοιοῦτον
1433 530 1608 582 γένηται

199 597 435 654 δημόσιον,
483 612 572 639 cuni
606 600 686 639 Vat.
720 598 771 639 87
818 606 856 639 et
895 599 1011 639 Palat.
1048 600 1126 638 174
1174 596 1324 645 πάθος
1368 609 1438 650 pro
1483 594 1611 647 τάχος

199 669 446 708 scribendum
490 669 723 720 putavimus.
785 667 861 707 Nec
907 667 1010 707 enim
1057 667 1110 706 ibi
1149 691 1205 694 —
1245 673 1287 706 ut
1330 679 1375 705 ex
1421 665 1467 704 iis
1512 676 1610 716 quae
1658 660 1663 664 ’

198 745 416 789 sequnntur
463 735 530 788 (ἒν
575 738 729 788 βραχεῖ
775 735 854 787 γὰρ
901 733 1194 790 ἀφειδοῦσι
1242 733 1441 786 πάντων)
1487 732 1610 784 colligi

199 814 326 858 potest
347 829 401 833 —
423 806 468 845 de
491 805 750 852 festinatione,
783 805 848 844 sed
877 804 923 844 de
954 804 1118 844 studio
1151 803 1291 849 (italice
1322 803 1609 855 passione)³)

198 875 309 914 verba
344 876 454 920 liunt,
487 887 563 925 quo
592 873 799 913 Christiani
833 874 885 913 uti
921 873 1106 918 solebant,
1139 885 1227 912 cum
1261 873 1308 911 de
1339 884 1379 911 re
1410 870 1610 910 communi

197 951 387 995 ageretur.
449 942 600 981 Erroris
631 954 785 981 causam
819 954 903 981 eam
936 941 1055 981 fuisse
1086 941 1317 993 putandum,
1350 940 1452 992 quod
1485 939 1610 978 verbis

197 1011 243 1052 ἐν
274 1013 428 1064 βραχεῖ
474 1010 663 1063 temporis
695 1010 1016 1062 significationem
1051 1009 1259 1049 tribuerint
1288 1008 1446 1053 librarii,
1492 1019 1608 1059 quarn

197 1081 426 1133 plerumque
458 1079 598 1119 habere
630 1080 773 1124 solent,
821 1091 908 1118 cum
942 1091 983 1118 ea
1016 1079 1088 1118 hoc
1119 1078 1202 1118 loco
1234 1084 1283 1117 ut
1313 1078 1478 1129 paucis
1511 1088 1606 1116 rem

198 1150 513 1201 complectar,
546 1161 599 1187 ne
631 1148 767 1201 plura
800 1148 951 1187 dicam
986 1148 1109 1186 valere
1140 1147 1378 1199 appaream).

311 1218 399 1270 Cap.
437 1219 486 1256 17
520 1218 655 1270 (τρίτη
697 1215 771 1256 ἐπὶ
812 1214 978 1263 τούτοις
1016 1212 1249 1268 ἀποδημία
1281 1214 1342 1262 εἷς
1380 1215 1612 1264 Αἴγυπτον

198 1285 318 1338 παρὰ
348 1285 422 1326 τόν
447 1281 797 1337 Ἀγαθόβουλον,
838 1288 995 1337 ἵναπερ
1028 1283 1102 1337 τὴν
1134 1282 1396 1336 θαυμαστήν
1427 1280 1612 1335 ἄσκησιν

196 1354 419 1409 διησκεῖτο
442 1353 545 1402 κτλ.)
569 1351 808 1407 διησκεῖτο,
832 1353 934 1404 quod
955 1353 1034 1392 Val.
1054 1353 1120 1400 90,
1142 1352 1286 1391 Palat.
1307 1351 1371 1398 73,
1396 1351 1509 1390 Marc.
1529 1349 1611 1389 434

196 1423 379 1463 exhibent
410 1436 479 1475 pro
511 1420 736 1475 διήσκητο,
770 1423 873 1473 quod
902 1422 940 1460 in
963 1422 1102 1461 ceteris
1124 1421 1232 1461 libris
1254 1427 1293 1460 et
1313 1421 1351 1460 in
1375 1419 1610 1460 editionibus

196 1499 266 1537 est,
298 1492 503 1531 adsumere
536 1504 614 1530 non
645 1490 827 1536 dubitavi,
861 1503 948 1530 cum
984 1503 1033 1529 se
1065 1489 1342 1536 exercebat,
1376 1501 1502 1540 neque
1535 1488 1610 1527 ullo

197 1561 310 1600 inodo
342 1573 388 1600 se
419 1566 718 1600 exercuerat
739 1559 937 1612 postulare
958 1559 1188 1598 sententiam
1213 1565 1361 1610 pateat;
1394 1569 1483 1596 mox
1507 1556 1609 1596 enim

195 1629 489 1669 exercitationes
520 1641 585 1668 eae
608 1627 895 1675 describuntur,
928 1640 998 1666 nec
1028 1627 1066 1666 in
1091 1628 1261 1679 Aegypto
1292 1633 1402 1666 antea
1435 1631 1610 1665 versatus

287 1766 311 1805 1)
339 1766 420 1797 Cal.
448 1766 507 1805 293
534 1764 639 1797 Vera
666 1764 859 1797 Historia
887 1764 924 1803 Π,
955 1764 1011 1801 17;
1037 1763 1227 1806 Philops.
1247 1763 1300 1801 24,
1328 1763 1394 1802 bis3
1421 1762 1522 1794 Pisc.
1549 1761 1610 1801 253

201 1819 294 1860 Fug.
322 1820 352 1852 3.
402 1819 436 1851 In
466 1820 719 1852 Demonacte
745 1828 874 1861 quoque
893 1812 1089 1863 Σωκράτην
1115 1819 1309 1850 restitutum
1336 1821 1400 1858 est,
1426 1816 1482 1848 ubi
1500 1821 1609 1848 tamen

196 1874 259 1905 duo
286 1873 367 1905 libri
392 1868 565 1916 Σωκράτη
591 1874 761 1916 praebent.

287 1927 310 1967 2)
339 1928 586 1960 Marcianus
622 1926 677 1968 (cf.
705 1927 868 1959 Jacobitz.
902 1926 927 1958 11
953 1927 1046 1967 edit„
1084 1936 1155 1969 pag.
1186 1926 1227 1967 V)
1261 1931 1295 1959 et
1329 1925 1609 1957 Florentinus

196 1983 241 2022 (si
269 1982 400 2014 Reitzio
427 1983 571 2021 credas).

287 2036 312 2075 3)
339 2037 449 2069 Simili
476 2037 735 2097 significatione,
770 2036 800 2067 ni
826 2035 940 2076 fallor,
971 2033 1094 2071 πάθος
1119 2046 1136 2067 a
1164 2035 1310 2067 Luciano
1337 2039 1532 2077 usurpatum
1559 2038 1610 2065 est

197 2092 363 2133 Nigrin.
392 2092 432 2123 37
461 2086 568 2131 (ουτοι
596 2089 632 2123 δὲ
657 2088 748 2134 πρὸς
773 2087 811 2122 τὸ
836 2091 946 2133 μέλος
972 2083 1311 2134 ὑπομιμνησκοιται
1337 2099 1401 2121 τοι
1425 2082 1612 2124 πάθους)

197 2151 230 2178 et
249 2148 377 2179 A.mor
398 2146 438 2178 17
463 2141 563 2187 (ὅληι
580 2156 642 2177 του
666 2138 816 2181 πάθος
842 2143 936 2188 ἔχειν
954 2144 1122 2182 ἐξουσίαν
1138 2143 1381 2189 κορεσθῆναι).
1414 2143 1472 2174 Sin
1489 2140 1611 2178 πάθος

196 2202 303 2233 minus
326 2201 478 2249 placeat,
503 2200 593 2232 aliud
622 2200 759 2232 verbum
785 2199 1027 2242 quaerendum3
1058 2192 1164 2241 τάχος
1189 2208 1261 2229 cum
1288 2195 1548 2230 ἐπιδείκνυνται
1577 2201 1610 2228 et

197 2266 268 2287 cuin
296 2256 451 2287 universa
478 2255 645 2286 enuntiati
673 2255 842 2286 sententia
870 2264 931 2285 non
961 2263 1149 2294 congruere
1175 2257 1275 2295 patet.

287 2310 313 2351 4)
338 2309 386 2341 Ea
404 2309 443 2340 de
470 2318 569 2340 causa
587 2307 626 2341 ἐν
648 2310 776 2352 βραχεῖ
799 2307 1061 2340 convertendum
1080 2311 1195 2338 censet
1215 2305 1360 2338 Cobetus
1387 2306 1420 2337 in
1440 2302 1610 2349 ἔμβραχυ,

197 2363 280 2406 quod
312 2364 352 2395 ab
379 2363 505 2395 Atticis
533 2362 726 2405 plerumque
753 2367 933 2404 usurpatur
960 2362 999 2394 ad
1025 2361 1224 2393 sententiam
1250 2358 1503 2400 significandam
1528 2368 1610 2400 quae

197 2418 251 2450 hic
278 2417 475 2460 requiritur.
526 2417 674 2457 Longius
704 2417 890 2459 procedens
915 2415 1129 2448 Fritzschius
1161 2415 1193 2446 in
1220 2414 1329 2446 medio
1355 2418 1483 2446 tantum
1508 2421 1610 2444 enun-

198 2473 284 2503 tiato
312 2470 472 2515 ἔμβραχυ
497 2471 655 2513 usurpari
683 2476 716 2503 et
739 2465 917 2514 δημόσιον
941 2469 1117 2502 absurdum
1145 2478 1219 2500 esse
1247 2471 1318 2500 (cur
1345 2468 1389 2499 sit
1416 2477 1478 2498 non
1496 2466 1610 2502 video)

198 2525 358 2563 affirmat,
385 2536 443 2567 pro
472 2519 650 2568 δηιιόσιον
676 2525 796 2557 scribit
825 2524 1002 2567 δημοσια,
1028 2535 1097 2569 ῃιιρ
1122 2528 1199 2555 ante
1224 2522 1386 2567 ἔμβραχυ
1409 2521 1611 2563 transponit,

197 2586 274 2612 ante
305 2578 463 2622 δημοσία
494 2579 711 2622 interpungit‚
748 2579 794 2612 ita
827 2584 864 2611 ut
896 2579 1050 2619 legatur:
1089 2571 1284 2621 ἄμηχανον
1308 2575 1350 2610 δέ
1372 2587 1401 2608 τι
1437 2573 1476 2607 τὸ
1502 2567 1610 2617 τάχος

196 2631 458 2665 ἐπιδείκιυιτιιι
493 2627 646 2665 ἐπειδάι
681 2644 711 2665 τι
751 2632 918 2665 τοιοῦτον
952 2633 1110 2676 ye‘zrywc·
1164 2630 1366 2673 δημοσιᾳ
1355 2627 1424 2675 ιἰρ
1450 2627 1610 2673 ἔμβραχι

198 2674 391 2721 ἀφειδοῦσι
419 2673 574 2710 mirano)
