1762 2966
777 287 820 326 ll.

210 380 409 420 Vaticanae
458 379 710 418 bibliothecae
758 379 875 417 libros
919 379 955 417 in
1006 379 1100 417 duas
1138 378 1298 421 classes.
1346 380 1504 418 alteram

95 449 370 494 vetustiorum,
418 449 575 487 alteram
624 447 884 487 recentiorum
932 447 1222 486 distribuendos
1268 460 1352 486 esse
1400 448 1507 486 facilc

95 517 285 560 cernitur:
323 529 410 556 nam
446 517 527 555 Vat.
561 518 612 556 90
651 529 739 555 cum
774 516 855 555 Pal.
891 516 962 560 73,
995 516 1075 555 Vat.
1109 515 1160 556 87
1198 528 1285 555 cunt
1321 516 1397 554 l'al.
1430 517 1507 554 174

93 587 321 638 plerumque
343 585 549 624 consentit.
602 586 643 623 ln
670 585 749 623 Vat.
775 583 830 624 So
863 584 1040 636 pauciora
1064 591 1285 636 supersunt,
1318 597 1432 635 quam
1468 590 1510 623 ut

95 654 307 706 quidquam
341 654 433 693 certi
457 654 502 692 tle
534 666 578 692 eo
602 653 727 692 dicere
759 653 882 692 liceat.
935 653 1117 692 Marciani
1149 653 1225 691 ‹luo
1257 666 1344 691 cum
1370 652 1508 704 prioris

94 723 227 763 classis
259 722 459 762 codicibus
493 722 630 761 melius
663 728 903 773 congruunt,
937 734 1013 760 non
1047 721 1098 761 ita
1131 728 1259 760 tamen
1293 728 1335 760 ut
1366 721 1438 773 ipsi
1472 722 1508 759 in

93 804 228 831 eorum
277 803 441 830 numero
488 790 654 830 habendi
699 803 783 829 esse
830 790 1044 829 videantur.
1121 791 1255 829 Veram
1303 790 1508 829 lectionem

97 860 251 912 saepius
282 860 320 898 in
353 859 638 910 antiquioribus
671 859 796 905 libris,
836 859 1032 898 interdum
1071 865 1109 898 ct
1147 859 1186 897 in
1230 858 1510 898 recentioribus

100 928 286 968 invenias.
348 929 402 967 lta
434 941 465 966 e.
500 940 532 979 g.
567 940 648 979 cap.
673 927 695 965 2
728 928 767 966 in
801 926 1101 978 δοξοκομπίας
1133 934 1264 966 errant
1286 927 1366 966 Vat.
1391 928 1442 966 90
1474 934 1512 965 ct

94 997 171 1036 Pal.
202 996 276 1039 73.
324 995 591 1043 δοξοκοπίας
627 997 705 1035 Vat.
735 996 810 1042 87,
843 996 920 1035 Pal.
950 997 1047 1041 174,
1097 996 1176 1034 Vat.
1215 996 1280 1039 89,
1331 995 1511 1035 Marciani

95 1066 171 1104 duo
204 1078 274 1104 sno
306 1065 390 1104 iure
422 1065 619 1116 praebent.
681 1065 875 1116 Insignius
908 1065 1023 1103 huius
1055 1064 1111 1103 rei
1142 1065 1362 1116 exemplum
1396 1064 1513 1103 habes

94 1148 177 1186 cap.
201 1133 266 1180 32,
302 1134 366 1173 ubi
399 1141 533 1173 auctor
564 1141 695 1173 narrat
726 1134 978 1185 Peregrinum
1012 1146 1100 1173 cum
1135 1134 1233 1172 mori
1265 1133 1510 1179 decrevisset,

95 1203 238 1255 populo
262 1202 461 1254 Olympiae
494 1203 652 1242 collecto
685 1203 805 1241 resin
828 1202 902 1241 vita
925 1208 1064 1253 gestas,
1096 1202 1266 1253 pericula
1298 1202 1336 1240 in
1369 1201 1510 1253 quibus

95 1278 270 1312 versatus
308 1278 427 1317 esset,
469 1271 667 1322 angustias
699 1271 840 1322 quibus
882 1271 1149 1323 philosophiae
1187 1283 1318 1309 amore
1350 1283 1509 1322 pressus

94 1347 208 1387 esset,
227 1352 488 1379 enumerasse.
518 1341 559 1379 In
579 1340 857 1379 vetustioribus
874 1340 981 1378 libris
1000 1340 1189 1391 scriptum
1209 1346 1284 1379 est:
1304 1338 1510 1392 διεξῆλθε

96 1408 196 1461 περὶ
220 1407 374 1449 ἑαυτοῦ
396 1408 471 1448 τὸν
493 1410 593 1459 βίον
625 1424 668 1448 τε
700 1405 756 1455 ὠς
787 1408 932 1460 ἐβίου
964 1407 1037 1448 καὶ
1069 1405 1167 1455 τοιῖς
1190 1406 1417 1454 κινδύνους
1439 1405 1512 1454 οὓς

65 1475 367 1518 ’ἐκινδύνευσε
412 1475 699 1530 διηγούμενος
745 1478 817 1516 καὶ
857 1474 939 1517 ὅσα
971 1475 1210 1530 πράγματα
1242 1476 1512 1529 φιλοσοφίας

95 1549 217 1586 ἕνεκα
242 1543 461 1599 ὑπέμεινε,
486 1546 552 1585 sed
576 1544 849 1587 ἐκινδύνευσε
881 1553 919 1585 et
953 1543 1156 1598 ὑπέμεινε
1178 1547 1386 1585 verborum
1413 1553 1511 1584 tem-

101 1628 196 1667 pora
226 1615 265 1654 in
298 1615 526 1667 imperfecto
559 1613 683 1667 ἐβίου
715 1621 885 1654 erratum
921 1628 1005 1655 esse
1037 1622 1151 1666 atque
1184 1613 1309 1666 ἐβίω,
1340 1615 1442 1666 quod
1474 1614 1512 1652 in

99 1683 382 1723 recentioribus
428 1683 537 1723 libris
583 1690 665 1727 est,
716 1684 924 1735 legendum
977 1696 1061 1723 esse
1107 1691 1238 1735 aperte
1290 1683 1513 1723 ostendunt.

98 1752 278 1792 Ceterum
315 1767 346 1791 ω
369 1752 520 1792 litterae
552 1753 589 1791 in
624 1766 673 1792 ου
698 1753 982 1804 diphthongum
1016 1753 1215 1804 corruptio
1247 1765 1316 1791 uec
1348 1751 1514 1790 difficilis

99 1827 159 1860 est
189 1833 261 1860 nec
283 1833 367 1860 rara
399 1822 437 1860 in
461 1821 659 1860 codicibus
692 1821 981 1873 manuscriptis.
1032 1822 1128 1860 Item
1162 1834 1243 1873 cap.
1267 1822 1333 1859 41.
1381 1822 1514 1866 ποίας

98 1888 177 1942 μὲν
200 1886 259 1929 οὗ
282 1888 485 1942 μελίττας
506 1890 546 1928 in
579 1889 863 1929 recentioribus
888 1889 1079 1929 Vaticanis
1107 1890 1215 1928 libris
1238 1896 1341 1928 recte
1363 1889 1514 1940 legitur,

98 1970 187 1997 cum
220 1958 337 1997 ceteri
371 1954 447 1998 οὗν
478 1970 548 2010 pro
581 1953 633 1998 Oti
664 1959 886 2010 praebeant.
947 1958 1028 1997 Alia
1051 1958 1189 1997 similia
1223 1958 1383 1997 notandi
1414 1958 1515 1996 infra

100 2030 263 2066 fortasse
295 2027 445 2066 occasio
477 2027 642 2067 dabitur.
686 2064 689 2067 .

770 2180 830 2218 ΙΙΙ.

213 2272 324 2311 Nunc
355 2273 551 2319 locorum,
591 2272 628 2311 in
662 2273 804 2323 quibus
836 2286 854 2312 a
890 2274 1038 2324 vulgata
1075 2273 1238 2312 lectione
1270 2272 1516 2317 recessimus,

102 2348 144 2380 ut
175 2341 326 2380 codices
358 2342 554 2392 inspectos
587 2354 859 2392 sequeremur,
898 2342 963 2392 qui
1002 2342 1159 2381 maioris
1191 2348 1285 2380 sunt
1317 2341 1517 2380 momenti.

100 2409 384 2449 considerandi.

215 2489 303 2541 Cap.
338 2503 374 2527 υ.
435 2486 671 2542 Σωκράῑην
716 2503 734 2528 a
768 2490 844 2528 Pal.
880 2491 929 2528 723
977 2491 1110 2529 datum
1143 2502 1258 2541 quam
1293 2484 1516 2542 Σωκράιη,

102 2559 204 2609 quod
238 2558 275 2596 in
308 2557 446 2597 ceteris
475 2557 582 2596 libris
615 2558 711 2597 etin
736 2558 885 2609 vulgata
908 2565 978 2604 est,
1011 2558 1135 2609 legere
1160 2558 1380 2605 maluimus,
1413 2570 1516 2597 nam.

104 2627 134 2665 si
182 2626 376 2666 codicibus
423 2627 644 2674 credamus,
702 2624 935 2680 Σωκράτην
979 2628 1197 2667 accusativo
1242 2634 1391 2666 tantum
1440 2639 1515 2665 non
