1762 2966
659 116 770 119 *ἡ
838 93 860 130 7

146 222 283 249 manus
314 209 515 260 νεκρικῶς
546 208 736 247 convertit
768 208 804 246 iu
838 207 908 245 καὶ
943 214 1227 258 πεᾳρικιῆαν.
1274 219 1388 257 quam
1422 208 1555 246 lectio-

144 290 232 317 nem
264 277 544 317 adsumendam
576 289 661 316 esse
693 288 769 315 non
802 288 952 319 censeo,
985 287 1206 326 quanquam
1240 277 1413 327 ([ρίσσω
1441 275 1556 314 simili

144 346 423 399 significatione
474 345 547 385 alio
595 345 754 384 Luciani
804 345 887 383 loco
938 350 1168 395 usurpatum
1218 343 1401 393 inveni¹).
1477 343 1556 382 Ali-

143 415 231 455 cubi
283 422 412 454 autem
459 415 576 454 huius
623 426 760 453 manus
807 413 1085 459 correctiones,
1138 412 1287 451 etiamsi
1334 412 1554 451 coniectura

143 485 262 523 factae
295 490 405 527 sunt,
441 490 568 521 tamen
601 494 708 520 veras
740 494 824 520 esse
856 493 934 520 non
967 493 1095 532 neges.
1160 482 1211 519 lta
1244 493 1275 519 e.
1310 493 1341 531 g.
1375 493 1454 531 cap.
1489 481 1553 524 39,

143 551 206 590 ubi
252 551 402 590 codices
447 563 584 590 omnes
630 551 871 602 scripserunt
917 550 1011 588 εῗια
1054 548 1334 599 ἐνετύγχανον
1372 548 1555 595 πολλοῖς

141 616 395 659 ἀπιοῦσιν
427 616 481 665 ὠς
515 617 757 658 θεάσαιντο
780 618 852 657 καὶ
875 614 1013 663 αὖτοί,
1048 618 1157 657 tertia
1182 629 1319 657 manus
1342 614 1555 657 ἀπιοῦσιν

140 687 375 734 emendavit,
415 702 443 726 α
473 687 623 727 litterae
655 702 673 726 ε
705 699 994 739 superponens,
1040 693 1081 725 ut
1110 686 1316 726 ἐπιοῦσιν
1348 687 1554 737 legeretur.

142 756 200 795 Tu
247 754 454 796 ἐπιοῦσιν
498 756 704 795 adsumere
750 768 827 794 non
874 755 1087 802 dubitabis,
1134 755 1165 793 si
1211 768 1308 806 quae
1354 755 1426 794 hoc
1471 756 1554 794 loco

140 825 361 876 requiratur
408 825 598 864 sententia
647 825 964 864 consideraveris.
1026 824 1088 863 Ait
1132 824 1235 862 enim
1276 824 1468 863 Lucianus
1515 838 1554 863 se

141 893 241 939 loco,
289 893 353 932 ubi
385 893 619 944 Peregrinus
665 906 706 932 se
749 893 829 945 ipse
861 899 1192 938 concremaverat,
1241 892 1467 931 redeuntem
1515 893 1552 930 in

141 961 244 1001 viros
275 962 463 1013 quosdam
497 961 726 1001 incidisse
759 956 1086 1011 (ἐνετύγχανον),
1129 961 1195 1011 qui
1225 973 1270 999 eo
1301 967 1555 1012 properarent

140 1030 278 1077 visum,
311 1031 496 1082 Cynicum
532 1031 659 1069 vivum
693 1030 819 1070 adhuc
841 1042 880 1068 se
898 1030 1211 1081 deprehensuros
1232 1042 1317 1068 esse
1339 1037 1552 1081 sperantes,

137 1098 320 1150 additque
343 1112 382 1138 se
405 1112 470 1138 eos
493 1099 723 1138 avertisse
748 1096 1083 1151 (ἀπέστρεφον),
1115 1100 1333 1151 perfectum
1357 1100 1431 1139 iam
1455 1114 1553 1152 opus

137 1179 221 1206 esse
252 1168 457 1206 narrando.
507 1165 789 1218 ἐνετύγχανον
811 1175 925 1219 atque
949 1165 1360 1220 dm‘azqsqovwerba
1385 1169 1552 1207 Luciano

137 1237 182 1274 in
215 1235 391 1275 itinere
424 1249 488 1275 eos
522 1237 737 1276 occurrisse
770 1237 983 1275 ostendunt
1013 1243 1160 1288 aperte:
1208 1234 1406 1284 ἐπιόντες
1437 1237 1554 1288 igitur

136 1305 464 1355 (accedentes,
499 1305 835 1351 succedentes,
869 1305 992 1344 italice
1022 1305 1431 1356 sopravvenienti⁷
1466 1318 1552 1357 ger-

139 1373 290 1413 manice
322 1374 548 1413 iiberkom
566 1375 722 1421 mend)
765 1387 840 1413 non
883 1370 1091 1420 ἀπιόντες
1122 1374 1410 1425 (abeuntes)
1443 1382 1552 1414 erant

135 1442 362 1494 appellandi.
424 1442 526 1489 Quin
559 1442 688 1489 etiam,
722 1442 824 1494 quod
857 1442 1049 1481 editorum
1084 1455 1211 1488 nemo,
1246 1455 1292 1480 ne
1316 1442 1551 1481 Fritzschius

135 1511 305 1562 quidem,
338 1511 402 1562 qui
436 1517 513 1550 tam
547 1524 660 1564 saepe
692 1512 729 1549 in
753 1511 850 1550 libro
875 1512 927 1549 «le
962 1518 1111 1550 morte
1134 1511 1383 1561 Peregrini
1415 1524 1551 1550 recen—

135 1580 255 1619 sendo
280 1592 305 1627 a
338 1579 488 1631 vulgata
519 1579 683 1618 lectione
715 1579 890 1624 recessit,
939 1575 1153 1620 ἇπιοῦσιν
1195 1593 1213 1618 a
1257 1580 1329 1618 loci
1361 1580 1550 1619 sententia

135 1647 303 1688 alienum
337 1661 421 1687 esse
452 1647 611 1695 notavit,
646 1648 777 1687 miror.
830 1648 880 1687 Ut
903 1661 982 1687 rem
1007 1649 1139 1700 paucis
1161 1648 1370 1695 absolvam,
1402 1648 1479 1688 Pal.
1500 1648 1550 1688 73

136 1717 255 1756 codex
301 1717 403 1757 inter
449 1730 585 1756 omnes
631 1717 862 1769 opusculum
911 1717 957 1756 de
995 1730 1072 1768 quo
1118 1717 1268 1767 agimus
1309 1717 1553 1756 continentes

136 1785 496 1838 praestantissimus
528 1786 736 1837 videtui-²).

250 1854 386 1894 Vatic.
420 1854 472 1894 87
507 1855 726 1906 bombycini
758 1854 797 1892 in
831 1856 887 1900 4⁴¹,
933 1854 1085 1893 saeculo
1116 1854 1200 1893 XIV
1238 1868 1256 1893 a
1289 1857 1330 1893 (ζ.
1365 1854 1403 1892 ss.
1437 1854 1552 1893 Hasio

137 1922 286 1970 tributi,
319 1923 473 1963 chartae
506 1924 543 1962 in
577 1923 719 1975 quibus
753 1923 804 1962 de
837 1929 988 1962 morte
1011 1923 1264 1974 Peregrini
1297 1923 1393 1961 liber
1413 1923 1552 1974 legitur

135 2004 207 2031 nec
228 1992 520 2031 emendationes
542 1991 697 2039 habent,
731 2003 803 2030 nec
824 1991 979 2030 scholia.
1033 1991 1131 2030 Iota
1164 2004 1289 2043 neque
1311 1991 1549 2043 adscriptum

135 2073 262 2112 neque
293 2061 556 2113 subscriptum
590 2056 661 2100 est.
723 2060 883 2099 Errores
925 2060 1062 2099 insunt
1092 2073 1168 2099 non
1202 2061 1332 2112 plures
1365 2073 1479 2112 quam
1514 2061 1551 2099 in

135 2129 333 2169 codicibus
365 2130 411 2169 de
443 2130 586 2181 quibus
618 2136 729 2168 antea
761 2129 880 2168 locuti
912 2141 1061 2174 sumus,
1109 2129 1175 2168 sed
1208 2131 1414 2180 graviores,
1454 2142 1552 2169 non-

135 2199 238 2237 nulla
269 2199 366 2237 male
388 2203 620 2250 permutata,
654 2196 837 2236 nonnulla
862 2197 1017 2236 omissa.
1067 2197 1433 2237 Praeterniissiones
1455 2198 1552 2237 duae

135 2266 300 2306 maiores
332 2267 371 2306 in
404 2280 448 2306 eo
481 2266 670 2306 notandae
702 2273 814 2311 sunt,
862 2266 980 2305 altera
1020 2266 1186 2304 maxima
1225 2280 1244 2305 a
1284 2266 1410 2305 verbis
1443 2265 1551 2318 πρὸς

227 2411 252 2451 ¹)
280 2409 391 2443 Parus.
418 2411 478 2444 40:
512 2412 608 2451 ἴδοις
633 2406 678 2444 ἂν
702 2409 850 2447 λεπτοὺς
874 2412 932 2443 καὶ
959 2409 1099 2456 ὠχροὺς
1124 2406 1398 2457 πεφρικότας
1428 2409 1551 2457 ὥσπερ

134 2461 199 2507 ἤδη
225 2467 449 2510 τραυματίας
472 2466 726 2511 παρειμένους.

226 2518 253 2559 ²)
279 2518 385 2552 Palat.
412 2520 453 2551 73
495 2531 512 2552 e
542 2520 707 2553 Vaticano
741 2520 783 2552 90
821 2519 1013 2562 descriptus
1050 2529 1123 2552 esse
1163 2520 1297 2552 videtur
1336 2521 1549 2553 Rothsteinio

135 2574 200 2615 (op.
221 2573 278 2605 cit.
294 2583 367 2615 pag.
391 2574 456 2615 15),
482 2575 540 2607 ita
559 2580 691 2607 tamen
719 2579 761 2606 ut
787 2574 1037 2607 intercedat
1064 2576 1344 2618 apographum
1371 2585 1419 2607 ex
1446 2577 1549 2607 aliis

134 2626 332 2661 fontibus
359 2640 433 2660 non
461 2639 658 2671 nunquam
685 2634 926 2662 correctum.
