1762 2966
113 233 195 266 erat
226 225 477 277 Peregrinus,
527 232 569 264 ut
606 238 651 264 ex
689 225 734 264 iis
774 225 978 276 colligitur,
1026 238 1121 276 quae
1155 226 1200 264 de
1232 225 1314 264 eius
1348 225 1420 264 vita
1455 226 1526 264 lioc

114 294 197 334 loco
227 301 448 334 narrantur.

227 383 340 423 Initio
372 383 507 435 capitis
541 383 591 422 24
639 395 727 422 cum
760 383 878 422 Palat.
914 382 963 421 73
1002 384 1146 422 καίτοι
1185 381 1371 422 δυνατόν
1404 382 1525 423 ἔσται

114 451 251 504 scripsi
283 464 351 503 pro
383 453 526 491 καίτοι
560 450 746 491 δυνατὸν
776 449 897 490 ἔστω.
929 463 1043 502 11113111
1074 451 1278 490 lectionem
1303 452 1419 490 ceteri
1442 452 1528 490 libri

115 527 154 559 et
184 519 333 571 vulgata
363 520 522 566 liabent;
569 532 671 559 nam.
704 532 924 571 quanquam
958 520 1003 558 ad
1036 520 1327 558 concedendum
1360 520 1526 571 impera-

116 587 181 627 tivi
227 588 331 627 modi
379 588 489 627 tertia
537 600 700 640 persona
733 588 898 627 Graecos
939 600 1029 627 usos
1062 600 1145 626 esse
1177 594 1350 631 constat,
1399 595 1526 627 tamen

115 656 363 696 manifestum
411 664 469 696 est
515 657 549 696 id
598 657 678 695 lieri
725 669 801 695 non
845 656 1016 708 potuisse
1063 669 1150 695 cum
1196 656 1354 695 verbnm
1398 657 1525 708 ipsum

118 724 396 775 significatione
443 738 510 764 sua
557 725 857 764 concedendi
903 724 1134 763 sententiam
1178 724 1403 764 includeret.
1474 724 1529 763 lta

115 805 147 831 e.
180 806 214 843 g.
247 793 372 832 dicat
401 793 577 844 aliquis
609 794 753 832 Graeco
785 805 965 832 sermone
998 798 1122 831 vertas
1154 789 1311 842 λεγέτω
1344 807 1425 840 τις,
1468 792 1527 832 sin

115 867 244 900 autem
292 859 479 902 δυνατὸν
519 862 631 901 εἶναι
670 861 864 908 adhibeas,
912 867 993 901 tum
1028 861 1131 900 dicas
1164 859 1349 901 δυνατὸν
1380 859 1528 901 ἔσται

116 927 258 978 λέγειν
288 927 402 978 τινά,
436 942 513 970 non
546 929 733 970 δυνατὸν
765 928 891 969 ἔστω
923 929 1066 979 λέγειν
1096 928 1207 969 τινά.

229 1020 316 1072 Cap.
352 1020 403 1060 39
443 1020 638 1071 λέγοντες
676 1027 763 1072 post
801 1017 1028 1071 ἀνέκρινόν
1058 1035 1111 1072 με
1148 1020 1346 1060 codicibus
1378 1028 1531 1072 praeter

116 1088 461 1142 Guelferbytannm
496 1090 679 1129 omnibus
712 1089 965 1128 suadentibus
997 1089 1123 1128 omisi.

231 1177 320 1230 Cap.
354 1178 405 1218 43
453 1179 684 1218 vetustiores
731 1178 919 1217 editiones
965 1185 1003 1217 et
1043 1178 1366 1229 Guelferbytanus
1413 1177 1532 1216 codex

119 1246 316 1286 exhibent:
352 1247 490 1286 οἶσθα
522 1243 656 1293 εῧθὺς
688 1243 877 1293 ἄκουσας
908 1260 992 1299 μου
1015 1242 1085 1285 ὅτε
1111 1241 1239 1299 ἥκων
1261 1243 1350 1285 ἀπὸ
1375 1247 1535 1297 Συρίας

118 1312 494 1367 διηγουμένου,
533 1329 630 1367 quae
661 1315 817 1355 ferenda
849 1327 926 1354 non
960 1322 1062 1354 sunt.
1115 1314 1269 1354 Primus
1304 1314 1534 1354 Benedictus

119 1383 156 1422 in
181 1383 436 1423 Salmuriensi
468 1385 635 1424 editione
668 1381 783 1437 ἥκων
814 1384 853 1422 in
889 1378 991 1437 ἧκον
1022 1383 1225 1430 convertit,
1259 1396 1374 1435 quem
1398 1395 1535 1422 recen—

65 1485 67 1487 .
120 1451 236 1491 tiores
268 1465 406 1492 omnes
438 1453 560 1492 secuti
594 1459 697 1492 sunt.
761 1453 850 1499 Sed,
888 1464 1111 1504 quanquam
1146 1452 1263 1491 Palat.
1300 1452 1378 1490 174
1410 1451 1535 1490 Bene-

118 1519 209 1559 dicti
233 1521 496 1560 coniecturam
521 1522 737 1566 confirmat,
763 1528 891 1560 tamen
915 1528 958 1560 ut
980 1521 1150 1572 reliquos
1172 1533 1191 1559 a
1215 1520 1327 1560 nobis
1350 1532 1535 1559 excussos

118 1589 269 1629 codices
301 1590 522 1638 (Vaticanos
554 1590 621 1634 90,
655 1589 720 1635 87,
754 1589 818 1636 89,
851 1590 970 1629 Palat.
1002 1589 1065 1636 73,
1101 1589 1214 1628 Marc.
1248 1590 1362 1635 duos)
1397 1601 1536 1640 seque-

119 1670 264 1705 remur,
313 1659 452 1698 οἶσθα
485 1655 618 1706 εὖθυς
650 1655 840 1705 ἄκουσας
871 1672 955 1711 μου
986 1654 1058 1698 ὅτε
1091 1655 1221 1711 ἥκων
1253 1654 1342 1698 ἀπὸ
1375 1658 1536 1710 Συρίας

120 1722 417 1779 διηγούμην
447 1728 573 1778 legere
606 1727 827 1767 maluimus.

234 1815 324 1867 Cap.
359 1817 410 1855 45
456 1829 545 1855 cnm
579 1816 694 1855 Vatic.
729 1815 780 1855 87
827 1824 866 1855 et
898 1816 1014 1855 l’alat.
1051 1817 1129 1854 174
1175 1811 1537 1867 α’μβλυώττονιας

122 1897 191 1936 pro
223 1880 613 1937 ἀμβλυωποῦντας,
648 1885 750 1936 (111011
784 1885 900 1924 ceteri
929 1885 1080 1923 codices
1102 1884 1347 1935 editoresque
1370 1884 1538 1935 scripse-

123 1960 231 1998 runt,
291 1953 394 2004 lego,
457 1953 613 1992 Henrici
664 1953 850 2006 Stephani
910 1953 1181 1992 auctoritatem
1234 1960 1410 1999 secutus,
1471 1952 1538 2003 qui

122 2018 379 2073 ἀμβλυωπῶ
411 2022 570 2061 verbnm
604 2022 851 2074 librariorum
886 2034 1015 2061 errore
1048 2033 1161 2073 saepe
1184 2021 1221 2059 in
1245 2021 1352 2060 libris
1375 2021 1539 2060 inveniri

122 2089 287 2137 doce11).
334 2090 536 2130 Praeterea
559 2086 825 2142 ἀμβλυώττω
849 2089 1112 2142 quinquies2),
1145 2088 1404 2143 α’μβλυωπῶ
1435 2102 1538 2129 nun-

122 2171 236 2210 quam
270 2171 290 2198 a
323 2159 493 2199 Luciano
525 2166 756 2212 usurpatum
790 2159 1065 2211 comperimus.

236 2248 379 2288 Eodem
419 2250 542 2301 capite
581 2245 631 2289 οὔ
669 2249 752 2288 11110
790 2263 861 2289 suo
899 2251 999 2288 ferre
1036 2249 1189 2288 videtur
1219 2249 1296 2288 Pal.
1336 2250 1411 2288 174
1451 2255 1540 2288 ante

124 2315 223 2356 κατ’
262 2311 415 2363 ἆξίανῑ
463 2318 586 2357 multo
624 2319 725 2357 enim
766 2317 960 2357 efficacior
997 2318 1186 2357 sententia
1225 2324 1301 2364 est,
1349 2319 1380 2357 si
1418 2318 1540 2357 inter-

218 2522 242 2558 ¹)
268 2523 511 2557 Thesaurus
538 2524 728 2557 Graecae
764 2525 929 2565 linguae
956 2523 1115 2566 (Parisiis
1144 2525 1391 2566 1831—1856),
1419 2526 1483 2557 vol¹
1506 2525 1541 2565 ll,

127 2588 199 2620 pag.
225 2579 278 2611 58.

215 2644 242 2682 2)
269 2644 383 2676 Char.
408 2645 440 2685 13
467 2644 564 2677 Tim.
585 2646 602 2676 2
631 2650 663 2676 et
690 2645 749 2685 273
777 2644 873 2677 dial.
902 2656 992 2677 mar.
1023 2644 1060 2684 V,
1088 2645 1123 2684 23
1149 2644 1331 2687 Philops.
1359 2646 1390 2677 6.
