1762 2966
768 121 817 158 15

84 235 185 276 haud
218 235 324 275 facile
356 248 483 286 neges,
519 241 645 274 tamen
679 236 895 287 putandum
930 242 989 275 est
1021 236 1213 275 theatrum
1238 237 1274 276 in
1299 237 1498 289 scriptoris

43 296 46 300 ⁵
83 310 253 344 mentem
286 303 333 343 ab
363 317 408 343 eo
439 303 596 343 nomine
629 311 849 344 revocatum
883 317 978 350 esse,
1013 304 1062 344 ita
1098 310 1139 343 ut
1171 312 1254 356 post
1284 305 1320 344 id
1345 312 1495 345 tantum

81 373 230 413 scenica
276 372 458 424 loquendi
506 372 653 412 ratione
703 374 758 413 uti
804 373 1003 425 inceperit,
1050 380 1087 412 at
1120 371 1378 426 πράγματος
1409 382 1497 413 ante

80 439 291 495 διασκευή
322 442 396 481 iam
430 442 648 493 scripserat.

192 511 282 562 Cap.
320 512 367 548 15
414 522 484 562 pro
531 508 576 550 ἐν
622 511 670 566 τῇ
715 511 823 562 χειρὶ
874 507 938 563 ἦν,
987 511 1087 562 quod
1134 511 1206 549 iam
1241 517 1351 550 antea
1386 511 1496 563 vulgo

78 578 290 630 legebatur,
323 591 411 617 cum
430 578 754 630 Guelferbytamis
788 579 893 630 prior
925 575 976 632 ἦν
1007 579 1193 624 omiserit,
1227 577 1272 618 ἐν
1301 580 1352 635 τῇ
1383 580 1492 632 χειρὶ

78 647 184 697 εἶχε
231 647 371 686 conicit
412 646 664 694 Fritzscbius3
711 660 788 686 non
833 647 929 687 bene
975 660 1063 687 eum
1113 648 1326 687 coniecisse
1376 649 1495 687 ceteri

79 727 185 755 nunc
230 715 317 754 libri
364 715 515 754 docent.
577 716 687 762 Quod
729 715 830 754 idem
865 715 1070 755 dicendum
1110 723 1167 754 est
1200 716 1245 754 de
1277 716 1359 755 aliis
1392 717 1494 756 docti

77 783 147 823 viri
179 783 414 823 coniecturis
447 796 522 823 non
556 784 706 835 paucis:
740 784 791 823 ita
823 798 855 823 e.
878 797 913 835 g.
939 796 1020 836 cap.
1044 783 1095 823 23
1125 796 1194 835 pro
1215 785 1359 823 καίτοι
1385 784 1490 838 φησὶ

75 848 142 892 ὅτι
174 848 284 904 ὑπὲρ
316 853 397 891 τῶν
429 849 683 905 ἀνθρώπων
714 848 819 892 αι’»το
852 851 997 903 δρᾶν,
1044 853 1146 903 quod
1195 853 1291 891 male
1337 853 1493 905 praebet

75 920 400 972 Guelferbytanus
432 920 595 972 p1·i0r¹),
629 919 737 973 δρᾶν
763 918 1039 974 (flaciani),
1071 934 1152 973 cap.
1177 920 1228 959 39
1252 933 1321 972 pro
1344 918 1491 969 ταῦτό,

73 989 110 1028 in
143 1001 220 1040 quo
252 989 335 1041 ipso
368 990 502 1041 procul
535 989 651 1028 (lubio
685 997 787 1029 errat
819 990 1143 1041 Guelferbytanus
1187 990 1319 1035 codex,
1367 992 1492 1030 ’τοῦτο

73 1057 353 1108 coniecerat²)‚
386 1070 474 1097 cum
508 1058 628 1097 altero
660 1059 743 1098 loco
776 1057 859 1110 δρᾷ
889 1058 1041 1097 codices
1073 1070 1091 1096 a
1126 1070 1186 1096 me
1209 1058 1359 1097 excussi
1383 1070 1492 1097 com-

74 1126 182 1166 muni
214 1138 408 1166 consensu
441 1127 663 1178 praebeant,
710 1127 830 1166 altero
876 1126 994 1167 τοῦτ’
1027 1122 1131 1166 mico
1165 1126 1312 1178 optime
1344 1139 1490 1178 suppe-

71 1193 197 1234 ditent
235 1194 398 1235 Palatini
432 1196 482 1234 73
531 1196 698 1235 secunda
746 1208 887 1235 manus
932 1201 968 1234 et
1016 1194 1196 1234 Marciani
1243 1195 1332 1234 (luo.
1394 1194 1488 1234 Nam

70 1275 207 1302 omnes
238 1263 355 1310 locos,
387 1263 426 1302 in
459 1263 601 1315 quibus
623 1263 860 1303 Fritzschius
894 1276 991 1303 nova
1026 1263 1202 1315 protulit,
1236 1276 1307 1303 nee
1338 1275 1491 1314 semper

70 1354 123 1358 —-
155 1343 238 1370 mea
270 1332 425 1383 quidem
460 1333 650 1372 sententia
686 1357 735 1359 υ
769 1332 868 1371 iusta
903 1332 1125 1383 impellente
1156 1344 1282 1377 cansa,
1330 1332 1486 1382 longum

69 1405 128 1439 est
158 1412 386 1440 memorare.

181 1468 384 1508 Postremo
431 1482 512 1520 cap.
546 1470 594 1507 41
632 1466 716 1518 (οἷς
747 1467 820 1507 καὶ
852 1466 1165 1508 ἕπεσιαλκέναι
1202 1466 1377 1517 ἔλεγεν),
1424 1468 1488 1507 ubi

69 1536 247 1582 Solauus,
280 1537 519 1584 lacobitzius‚
552 1537 615 1577 alii
647 1536 759 1576 multi
783 1535 926 1586 ἔλεγεν
957 1538 995 1575 in
1024 1534 1173 1586 ἔλεγον
1194 1542 1485 1582 converterunt,

66 1603 304 1644 Fritzschius
335 1604 501 1655 ἐλέγετο
533 1605 710 1652 coniecit,
744 1603 887 1655 ἔλεγεν
915 1605 1092 1644 codicum
1117 1605 1294 1644 omnium
1317 1606 1485 1644 auctori·

67 1678 144 1712 tate
177 1673 331 1720 retinui,
365 1674 467 1725 quod
500 1687 520 1713 a
552 1686 592 1713 re
623 1674 791 1713 alienum
827 1686 909 1713 esse
944 1686 1188 1724 nequaquam
1222 1674 1384 1713 videtur.

750 1802 809 1840 VI.

180 1893 386 1945 Reliquum
420 1900 479 1933 est
510 1900 553 1933 ut
581 1894 626 1933 (le
656 1894 702 1933 iis
725 1894 872 1944 loquar,
904 1906 1000 1944 quae
1024 1893 1116 1945 ipse,
1150 1892 1256 1932 nullo
1279 1892 1483 1931 adiuvante

65 1959 175 2008 libro,
209 1963 364 2001 tentavi.

182 2031 271 2082 Cap.
295 2031 320 2069 4
352 2026 466 2080 (ἀλλ’
490 2027 555 2070 ὅῑι
580 2029 657 2070 διὰ
678 2029 814 2083 πυρὸς
835 2028 1007 2088 ἐξάγειν
1027 2030 1105 2070 τοῦ
1127 2031 1227 2081 βίου
1251 2028 1485 2078 διέγνωκεν

65 2095 237 2146 ἑαυτόν,
273 2098 335 2145 εἷς
366 2096 622 2144 κενοδοξίαν
661 2097 776 2145 τινὲς
806 2099 934 2138 τοῦτο
965 2094 1274 2152 ἀναφέρουσιν.
1321 2093 1372 2137 οὗ
1403 2096 1484 2150 γάρ

61 2164 270 2219 ”Ηρακλῆς
292 2162 447 2216 οὕτως,·
477 2164 527 2207 οὔ
549 2166 628 2219 γὰρ
645 2163 910 2219 Ἀσκληπιὸς
933 2166 1006 2206 καὶ
1032 2164 1249 2213 Διόνυσος
1273 2168 1482 2218 κεραῑ·νῷ;

65 2232 115 2274 οἰ·
159 2234 239 2288 γὰρ
285 2235 339 2274 τὰ
380 2234 609 2275 τελευταῖα
645 2232 943 2288 Ἐμπεδοκλῆς
992 2234 1054 2281 εἷς
1096 2233 1194 2280 τοὺς
1226 2234 1482 2286 κρατῆραςς)

64 2303 177 2343 verba
226 2303 295 2342 καὶ
334 2300 550 2350 Διόνυσος
597 2310 640 2343 ut
671 2303 900 2355 interpolata
934 2315 1154 2354 expungere
1186 2314 1265 2341 non
1297 2302 1480 2341 dubitavi.

156 2467 180 2509 ¹)
207 2465 397 2508 Quanquam
446 2466 552 2511 δρᾶν
578 2466 615 2507 F,
641 2467 743 2509 quod
770 2466 959 2499 fortasse
987 2476 1145 2498 verum»
1173 2470 1351 2498 notaverat
1377 2465 1478 2497 Jaco-

65 2522 202 2554 bitzius.

155 2588 178 2627 2)
205 2587 511 2621 Sommerbrodtius
539 2593 570 2620 et
590 2588 674 2630 ipse,
700 2597 772 2619 cum
799 2587 831 2619 in
852 2587 955 2619 Marc.
974 2586 1041 2618 434
1066 2581 1173 2618 ταύτὸ
1196 2596 1253 2627 pro
1280 2582 1476 2617 τοῦτάὐτὸ

51 2653 126 2678 ,μου
155 2647 246 2674 recte
274 2643 424 2682 legisset,
454 2641 634 2674 Fritzschii
661 2642 890 2673 coniecturam
917 2641 1090 2683 probabat.
